2610 3886
98 299 239 362 ROSA
262 300 427 362 blinda.
450 296 568 385 Jacq.

102 424 143 485 R.
166 421 315 486 urceolis
331 419 609 566 lpedunculisque
633 421 777 507 glabris,
802 426 897 491 caule
912 413 1081 514 'primario

146 506 251 570 dense
268 528 331 570 acu
347 519 433 584 estc,
456 508 580 584 serius,
604 509 729 574 aculeis
748 512 904 591 caducis,
928 513 1083 578 denuda·
1140 563 1143 568 ,

148 590 373 741 teltzbrarprulris
397 592 668 674 subinermibus,
705 595 870 663 fructibus
895 598 1082 684 depresso-

145 697 202 761 go
229 698 309 742 ost.
356 721 368 742 .

100 807 195 882 Rosa
214 803 353 872 blanda.
375 819 451 890 Jacq.
467 818 557 889 fragm,
573 818 629 870 bot.
646 839 674 892 p.
692 838 732 891 7⁰·
750 829 769 880 t,
789 823 851 876 105.
861 821 962 880 Wiltd.
978 822 1026 896 sp.
1042 822 1080 896 pl.

136 908 171 960 11.
191 907 267 964 1⁰65·

103 1006 196 1067 Rosa
218 1003 455 1066 cinnamomea
475 1009 495 1062 ε
516 999 651 1064 blanda.
674 1013 767 1086 't'hory
788 1015 817 1068 in
837 1015 905 1073 lted.
928 1017 992 1075 Ros.
1011 1018 1033 1068 1.
1053 1037 1080 1090 p.

141 1111 201 1168 154.
286 1157 289 1162 ,
329 1145 334 1155 .
580 1157 582 1164 .
1075 1122 1079 1138 “

98 1204 193 1265 Rosa
215 1199 431 1264 fraxin'tlolla.
455 1209 546 1267 Lindi.
563 1212 627 1266 Ros.
644 1227 687 1268 no.
706 1209 911 1282 17.Edw.tot.
928 1212 1085 1282 liegistmo.
1150 1281 1157 1300 x

136 1304 199 1366 450·
281 1331 294 1360 a

201 1407 301 1461 Caules
314 1409 435 1478 primarii
453 1407 548 1459 armati
562 1403 663 1457 aculeis
682 1403 808 1458 tenuibus
826 1404 970 1470 subrectis,
989 1407 1084 1480 eopio-
1137 1407 1140 1414 '

102 1497 230 1559 strumis,
248 1497 402 1550 secundarii
416 1497 471 1549 lere
484 1497 599 1548 inermes
607 1511 616 1562 ;
630 1491 724 1547 foliola
739 1493 901 1565 pedicellnta
915 1495 1031 1568 oblonga
1045 1499 1086 1547 le·

102 1607 133 1642 re
151 1586 337 1654 euneiformia,
356 1587 483 1658 utrinque
497 1582 597 1656 glabra,
615 1582 821 1654 glaucescentia‚
841 1583 938 1638 subtus
959 1584 1088 1658 pallidio-

101 1695 149 1738 ra,
180 1673 357 1748 inaequaliter
381 1673 551 1744 tenuiterque
572 1680 688 1739 serrata3
710 1671 806 1744 petioli
820 1671 914 1743 glabri,
933 1676 1018 1727 rarius
1032 1694 1087 1726 nno

96 1765 227 1817 tlterove
241 1763 364 1815 aculeolo
382 1762 488 1814 muniti.
515 1761 639 1831 Stipulae
653 1759 795 1823 dilatatae,
821 1761 1087 1815 serrato-dentatae.

103 1849 216 1908 Corolia
232 1850 303 1913 alba,
321 1849 364 1906 vel
378 1848 480 1923 pallide
499 1868 577 1904 rosea
586 1865 599 1919 3·
624 1848 749 1901 urceolus
771 1848 878 1918 glaber,
903 1849 1016 1903 laciniae
1033 1853 1089 1916 cel.

104 1943 238 2013 integrae,
259 1938 410 2001 subulatae,
422 1938 604 2012 longissimae,
617 1939 691 1992 intus
706 1935 821 1992 albidae.
839 1939 955 1994 Fructus
971 1938 1089 2009 globosi,

103 2013 235 2101 utrinque
251 2047 344 2100 parurn
362 2027 493 2101 depressi,
513 2025 771 2089 rumuliaco-rubri,
789 2025 974 2098 magnitudine
996 2017 1089 2082 Cerasi

101 2118 228 2180 minoris,
247 2116 386 2188 calycibus
403 2115 612 2188 persistentibus
629 2116 760 2171 coronati.
1053 2171 1061 2194 Ι

206 2206 313 2260 Aculeis
340 2215 368 2259 et
390 2204 482 2258 colore
505 2205 602 2258 florum
625 2204 801 2276 distinguitur
822 2223 836 2256 a
856 2203 888 2264 li,
905 2203 1090 2278 Hndsoniana,

102 2289 221 2348 maxime
237 2295 315 2347 affini.

205 2382 274 2436 Hah.
289 2384 317 2435 in
336 2384 419 2436 Terra
436 2401 504 2440 nova
522 2391 550 2436 et
565 2383 599 2437 ad
614 2384 703 2436 sinum
718 2381 851 2436 Hudsoni.
871 2382 903 2435 ln
916 2383 1009 2438 multis
1024 2403 1089 2438 cou-

100 2473 182 2530 venit
195 2473 269 2530 eli.
289 2470 458 2526 iraainifolia.

116 2575 119 2582 '
207 2561 240 2618 C.
257 2561 373 2615 ludrew
387 2562 405 2620 f.
425 2562 489 2616 xtvo
505 2561 569 2614 lios.
585 2558 668 2612 babet
683 2561 716 2617 ll.
733 2559 860 2613 blandam
882 2571 990 2614 nostrae
1012 2564 1089 2632 peni-

103 2660 154 2704 tus
181 2652 350 2704 contrariam.
377 2649 433 2704 Sed
453 2648 521 2702 bace
541 2634 583 2702 est
603 2649 635 2702 tt.
651 2647 792 2722 lterloutea
806 2648 917 2720 Thoryi,
938 2670 1017 2722 quem
1031 2671 1088 2704 res·

34 2741 36 2746 ’
103 2759 193 2814 puers
213 2740 300 2793 omnis
317 2739 597 2798 animnsadversutur.
623 2736 680 2792 Sed
698 2755 785 2810 neque
805 2740 1004 2807 necessarium
1034 2750 1089 2793 ete·

102 2831 163 2882 nim
180 2847 211 2881 ex
227 2828 411 2901 descriptione
433 2827 623 2882 Willdenowii
647 2834 741 2898 patet,
765 2828 863 2879 Rosam
885 2827 942 2898 ejus
961 2826 1090 2881 blandam

105 2937 171 2972 eum
185 2925 278 2970 nostra
294 2935 353 2971 csse
375 2916 494 2970 eundem.
520 2914 815 2978 Namdicitrramnlos
832 2934 890 2969 esse
904 2918 1035 2979 inermes,
1062 2927 1090 2970 et

107 3005 215 3060 caulam
233 3025 247 3058 e
268 3013 338 3058 terra
359 3013 543 3078 erumpentem
563 3003 732 3066 uenientum,
752 3003 854 3058 aculeis
874 3007 960 3059 serius
978 3007 1088 3060 caducis

109 3093 231 3168 denique
244 3094 344 3150 laevem
360 3103 440 3167 atque
455 3095 592 3150 inermem.
609 3095 681 3146 Rosa
693 3091 794 3145 blande
806 3092 915 3147 Pursbii
925 3087 983 3149 ¹non
996 3104 1090 3169 potest

106 3201 169 3238 esse
183 3191 286 3248 nostra,
305 3182 354 3236 sed
370 3193 412 3237 est
428 3184 461 3236 li.
474 3182 624 3250 Redoutei3
642 3187 710 3244 nam',
719 3181 786 3234 citat
799 3180 911 3252 figuram
930 3183 1087 3238 Andrewsii.

107 3273 244 3328 Definitio
260 3271 376 3326 obseura
390 3272 459 3326 lianc
474 3272 658 3327 confusionem
673 3270 773 3342 gennit.
801 3269 833 3324 il.
848 3269 949 3331 blanda
961 3273 1089 3346 Lindleyi

104 3360 190 3418 nobis
204 3363 236 3419 n.
251 3359 378 3416 Solandri
392 3370 442 3416 est.
462 3363 494 3416 Τ.
583 3427 586 3436 ¹
1052 3385 1055 3392 ⁴

154 3469 226 3534 151.
521 3469 554 3531 S.
577 3471 618 3532 ll.
643 3492 692 3556 ¹9·
