2610 3886
62 258 193 324 Rosn
221 256 455 322 Oederirina.
480 259 514 319 Τ.

64 383 99 443 n.
131 378 278 444 urceolis
306 377 482 463 globosis,
520 379 705 464 segmentis
730 381 959 468 integerrimis
980 404 1043 468 pe-

104 465 259 530 dunculis
285 486 329 528 ue
370 463 485 540 labris,
508 463 634 528 foliolis
652 466 902 547 minutissimis,
933 471 1041 534 ovatis

103 553 253 616 acutiuso
292 551 333 626 is,
347 487 506 626 ientatis,
524 549 661 634 petiolis
678 549 752 615 basi
769 553 943 630 aculeatis,
962 575 1043 619 oau-
1083 603 1086 612 .

101 636 133 699 le
150 635 359 719 ramulisque
377 635 708 722 hispido-aculeatis,
731 638 871 704 floribus
892 638 1042 706 laterali-

100 721 174 800 bus,
197 720 367 786 solitariis.
393 723 429 784 T.

64 850 146 910 Rosa
164 845 407 930 spinosissima.
431 857 524 913 Oeder
536 859 565 912 io
580 857 620 912 Fl.
636 859 706 913 Dan.
722 861 818 924 T,111.
834 871 854 914 t.
872 864 933 937 398.
952 865 1044 919 ileiter

96 941 122 984 et
136 933 205 988 Abel
222 929 345 986 llolzart.
361 931 428 983 fasc.
445 939 469 994 4.
487 949 515 1004 p.
534 945 577 1002 29.
597 939 616 984 t.
637 951 679 1002 77.

156 1040 257 1092 Frutex
273 1038 345 1102 (siue
361 1035 458 1102 dubio)
472 1036 602 1107 humilis3
616 1039 682 1091 rami
697 1039 774 1111 nigro
781 1041 980 1096 -luecesceutea
995 1061 1046 1094 uu·

66 1129 141 1199 dique
160 1126 288 1188 aculeati,
307 1125 407 1180 aculeis
421 1126 577 1180 loliolorum
591 1126 779 1198 longitudine,
797 1149 852 1184 nou
869 1131 977 1194 uimiis,
1002 1132 1045 1187 ui·

64 1216 246 1290 gricantibue,
275 1216 504 1290 subaeuunlihm,
530 1217 627 1279 rectis,
668 1221 803 1291 supremis
829 1229 858 1272 et
881 1219 1046 1278 ramulorum

65 1303 354 1361 setaceismioorihus.
381 1304 488 1358 llemuli
507 1305 631 1360 laterales
653 1306 749 1360 alterni
756 1345 765 1371 ,
786 1308 954 1372 brevissimi,
972 1309 1047 1362 'ilore

65 1396 203 1462 terminati.
221 1393 297 1448 Folle
311 1395 467 1465 3-ljuga;
481 1393 598 1468 stipulae
614 1395 780 1466 saginantes,
793 1416 910 1470 superne
925 1397 1046 1471 plerum·
1143 1402 1146 1414 '

65 1505 112 1557 que
127 1487 155 1538 iu
169 1481 264 1537 foliola
277 1481 368 1535 infime
381 1483 527 1547 abeuntes,
544 1483 588 1537 vel
602 1483 698 1537 saltem
713 1487 791 1558 apice
805 1487 977 1540 auriculatae.
993 1489 1046 1541 lle-

65 1573 143 1628 tiolus
157 1574 218 1628 basi
238 1581 345 1626 tautum
358 1570 491 1645 hispido·
500 1570 647 1626 aculeatos.
677 1559 783 1628 Foliole
797 1575 841 1630 rel
855 1576 985 1648 aequalia,
1003 1575 1048 1630 rel

67 1665 271 1734 apicem-versus
289 1661 491 1724 decrescentia,
509 1663 569 1735 pari
583 1661 674 1716 infimo
689 1671 778 1718 tumeo
792 1682 986 1736 nonuunquam
999 1664 1048 1718 ab·

40 1775 43 1782 ¹
67 1761 140 1821 rupte
156 1751 311 1810 diminuto.
332 1757 412 1806 r=5
426 1750 510 1804 lineae
525 1749 621 1823 longa,
639 1759 725 1814 ovata,
743 1760 831 1814 acuta,
849 1756 967 1824 margine
982 1756 1048 1808 sim·
1104 1749 1114 1772 ’

66 1841 185 1913 pliciter,
202 1858 294 1912 grosse
309 1849 337 1893 et
352 1849 445 1912 argute
459 1839 576 1897 (lentata.
602 1837 753 1892 Peduuculi
775 1859 792 1894 a
813 1849 909 1896 centro
935 1841 1048 1913 cujusli·
1145 1908 1158 1939 ΙΙ

67 1929 111 1984 bet
124 1929 248 1985 fasciculi
261 1928 397 1992 loliorum,
415 1937 541 2002 respectu
557 1928 656 1994 florum
669 1937 712 1982 sal
725 1929 799 2002 longi
813 1929 875 2004 plue
890 1949 970 2003 qnam
985 1929 1049 2003 pol-

68 2019 169 2081 liceres,
184 2017 306 2091 graciles,
327 2018 498 2088 gleberrimi;
517 2017 643 2071 urceolus
659 2017 766 2090 gracilia
782 2017 912 2091 globosus
924 2017 968 2072 rel
982 2018 1050 2072 aub-

69 2107 212 2182 clliptic'us,
232 2115 370 2179 segmenta
386 2105 569 2169 subcolorata,
587 2107 766 2177 integerrima,
784 2115 898 2180 auguste
911 2104 1049 2168 lanceola·

67 2206 101 2261 ta,
119 2196 220 2250 corolla
235 2196 368 2250 breviora.
389 2194 499 2249 Corolia
519 2211 601 2267 parva
622 2194 822 2268 (magnitudine
849 2196 993 2270 Papaveris
1008 2195 1049 2248 al·

67 2289 135 2357 pini)
151 2282 374 2352 coucariuscula3
393 2283 483 2359 petala
499 2285 585 2345 nivea,
604 2284 648 2336 rin
663 2284 833 2356 emarginata.
859 2286 977 2338 Fructus
994 2285 1049 2354 (ae-

69 2376 183 2428 ruudum
200 2375 291 2428 liciter
309 2382 336 2426 et
351 2372 435 2444 abel)
456 2371 641 2448 magnitudine
659 2373 754 2426 Cerasi
768 2373 896 2436 minoris,
914 2374 1048 2449 pomifer·

69 2465 125 2531 mis,
146 2464 299 2526 coccineus,
317 2463 431 2526 nitidos,
451 2461 543 2533 calyce
558 2462 722 2535 persistente
741 2471 893 2516 coronatus.
1003 2455 1004 2460 ¹

162 2551 238 2604 Hanc
259 2551 286 2603 b.
308 2549 476 2606 Willdeuow
498 2551 568 2604 citat.
585 2549 621 2601 od
634 2551 666 2602 R.
686 2568 832 2606 arvensem.
852 2550 996 2606 Bechsteio
1013 2549 1048 2603 ad

70 2641 99 2691 R.
118 2639 340 2712 spinosissimam.
370 2641 469 2708 Figura
489 2640 558 2693 licit.
580 2645 609 2692 et
628 2637 680 2697 Ab.
702 2641 785 2693 citata
805 2649 897 2714 aperte
919 2659 950 2693 ex
971 2639 1050 2694 Flora

69 2729 169 2783 Dauica
183 2737 321 2798 mutuata3
340 2729 389 2782 sed
403 2729 467 2780 huic
485 2726 594 2781 additus
611 2729 780 2782 est-fruetus.
807 2728 870 2782 Nou
891 2729 949 2783 ridi
968 2727 1049 2801 plau·

70 2825 136 2886 tam3
155 2819 204 2873 sed
219 2819 243 2871 si
258 2817 320 2870 talis
335 2827 385 2880 est,
405 2817 510 2890 qualem
525 2815 560 2869 ad
574 2818 670 2870 icones
685 2815 828 2891 descripsi,
844 2826 917 2871 certe
930 2827 972 2871 est
985 2835 1049 2889 spe-

71 2907 123 2958 cies
141 2906 354 2968 distinctissime,
371 2907 493 2979 proxima
511 2906 540 2966 R,
556 2905 684 2959 rubellas.
711 2905 774 2960 Nou
788 2907 867 2979 potui
883 2913 914 2959 ut
934 2905 1049 2959 varieta-
1147 2919 1153 2934 ·

71 3002 121 3047 tem
146 2996 179 3047 ad
202 2997 311 3048 alteram
336 2994 417 3048 ullam
433 2995 552 3067 speciem
568 2995 712 3056 reducere,
729 3011 833 3066 neque,
853 2993 891 3047 ob
906 2991 1050 3058 diversita7

71 3091 123 3135 tem
137 3092 183 3149 sat¹
195 3085 355 3138 eminentem
371 3083 479 3137 silentio
495 3085 650 3157 praeterire,
671 3082 718 3137 Nil
734 3101 797 3153 ergo
812 3082 949 3148 remansit,
968 3101 1049 3159 quem

72 3169 176 3230 interim
197 3167 324 3245 specifice
347 3172 516 3237 discernere,
540 3171 706 3245 aliorumque
727 3171 858 3242 judicium
882 3180 1047 3246 suspectare.

73 3257 106 3318 Τ.

117 3431 184 3498 155.
374 3471 379 3483 ·
482 3436 514 3497 S.
537 3437 579 3497 Il.
604 3457 652 3520 ¹7·
