2670 3884
114 368 255 434 Rosa
277 372 498 454 umbellam
519 371 656 449 major.

111 562 338 646 Distinguitur
364 558 459 623 caule
482 559 600 644 glabro
624 559 736 624 altiori
758 558 933 634 aculeato,
963 557 1088 620 aculeis

150 665 276 750 sparsis
293 664 425 747 magnis
445 665 596 728 recurvis
622 663 801 749 purpureis
819 662 892 726 basi
905 661 1087 724 latissimae

147 765 398 839 insidentibus,
428 765 567 830 ramulis
584 751 742 831 llorileris
764 763 975 838 lateralibus,
1008 760 1089 826 sub-

146 867 351 944 inermibus,
363 869 467 948 cymis
485 867 676 933 divaricatis
692 867 857 943 loliileris,
872 864 997 929 foliolis
1015 886 1088 927 ma·
1155 893 1158 898 ·

146 971 256 1036 ximis
278 969 533 1053 bipollicaribus
552 985 586 1033 et
603 970 706 1047 ultra,
728 969 862 1056 petiolis
880 966 1087 1033 aculeatissi-

145 1077 235 1151 mis,
259 1071 437 1156 pedieellis
456 1072 616 1139 brevibus
647 1071 987 1158 undique,·urceolis
1012 1069 1088 1154 glo-

145 1175 243 1240 bosis
264 1174 339 1238 basi
357 1188 389 1238 et
407 1176 589 1259 segmentis
603 1173 1005 1261 pinnatifido-laciniosis
1025 1194 1087 1234 ex-

145 1293 201 1342 tus
217 1275 428 1362 'glanduloso
439 1278 613 1363 -hispidis,
636 1279 773 1342 floribus
788 1276 994 1363 semiplenis,
1014 1295 1087 1337 ma-

143 1380 302 1467 joribus,
326 1381 504 1465 expansis,
525 1379 646 1465 petalis
660 1383 805 1457 venosis.
828 1384 863 1443 Τ.
914 1401 915 1404 ’

201 1572 226 1622 Α
244 1571 277 1622 R.
295 1587 356 1621 crus
374 1570 435 1640 galli
450 1571 541 1622 dissert
554 1570 737 1640 magnitudine
750 1572 952 1622 auclaomnium
960 1572 1086 1643 partium,
1138 1618 1141 1629 ,

103 1659 205 1711 aculeis
220 1656 319 1730 paullo
334 1658 492 1719 minoribus,
508 1661 591 1729 magis
607 1660 732 1720 recurvis,
749 1677 822 1730 cyma
839 1658 992 1710 divaricata.
1019 1657 1086 1708 leon

79 1761 81 1767 '
103 1746 174 1820 apud
197 1745 384 1800 Andreusium
405 1747 434 1796 in
455 1746 516 1797 Ros.
541 1748 605 1797 fasc.
627 1761 668 1799 20.
685 1745 734 1799 sub
749 1749 857 1798 nomine
871 1747 902 1802 R.
918 1745 1086 1816 Eglanterlse

101 1837 220 1906 majoris.
243 1833 336 1903 Hujus
352 1832 530 1886 subvarietem
544 1836 683 1896 minorem,
696 1835 796 1887 aculeis
809 1835 971 1904 longissimis
981 1833 1084 1884 sulcatis

103 1923 221 1976 floribus
238 1921 410 1992 semiplenis,
427 1921 524 1993 petalis
545 1922 817 1984 reticulato-venusia
831 1942 857 1979 v.
872 1921 944 1993 apud
959 1915 1041 1980 Andr,
1056 1923 1085 1972 iu

100 2011 163 2064 Ros.
181 2013 253 2066 fasc.
274 2017 318 2071 24.
334 2007 385 2062 sub
400 2011 522 2065 nominet
540 2009 570 2066 R.
588 2009 740 2082 Eglanten‘a
754 2029 909 2063 marmores.
