2678 3886
112 249 274 314 ROSA
299 249 532 316 saxatilis
552 249 712 316 Stcoeu.

128 445 170 505 R.
200 421 423 526 gei-minibus
446 441 620 526 (urceolis)
641 439 1047 534 ovatis,pednuculisque
1065 465 1130 508 un-

184 543 290 628 dique
312 543 479 648 hispidis,
504 545 630 610 aculeis
658 545 800 610 caulinis
827 545 967 630 sparsis,
989 545 1129 623 validis,

181 648 405 732 compressis,
429 648 600 724 recurvis,
622 647 760 732 petiolis
778 646 1129 731 villoso-glandulosis

184 748 361 827 aculeatis,
382 748 507 813 foliolis
527 750 750 834 (majusculis)
767 752 884 827 ovatis,
904 750 1130 836 inaequaliter

187 853 503 937 argute-serratis;
537 853 714 926 serraturis
743 852 1000 938 subduplioatis,
1021 854 1131 916 utrin-

185 977 254 1039 que
284 953 541 1038 glabrinsculis,
564 954 682 1020 subtus
700 955 958 1040 pallidioribus;
990 954 1129 1020 floribus

186 1057 475 1138 subcorymbosis.
508 1057 672 1138 Bieberst.
718 1101 722 1124 t

135 1171 235 1246 Rosa
258 1179 416 1245 saxatilis.
442 1195 541 1248 Steveu
564 1215 696 1253 manuscr.
717 1197 756 1250 M.
779 1197 809 1250 Β.
836 1196 864 1254 ss.
888 1204 957 1248 taur.
981 1214 1057 1253 caue.
1081 1194 1128 1254 lli.
1204 1225 1206 1228 ·

177 1285 244 1346 548.

248 1459 341 1522 Affinis
356 1461 387 1512 R.
403 1459 535 1514 nitidulae
551 1469 578 1513 et
590 1461 650 1512 sim.
666 1459 770 1513 Foliola
784 1461 813 1514 in
830 1461 983 1516 uuiversum
1006 1461 1131 1515 nonnihil
1151 1453 1153 1461 ⁴

139 1549 257 1602 latiora:
281 1550 421 1609 serraturis
435 1549 508 1602 baud
522 1551 561 1602 ita
575 1548 713 1602 subtiliter
725 1549 873 1612 serrnhtia,
891 1568 972 1622 saepe
996 1550 1129 1622 simplici·

137 1637 206 1691 bus.
234 1635 384 1710 Hirpiditas
402 1639 549 1709 germinum
568 1646 648 1710 atque
663 1635 879 1708 pedunculorum
894 1638 1008 1710 insignis
1022 1658 1071 1712 per
1085 1647 1130 1691 to·

136 1735 201 1788 tam
217 1727 366 1796 germinum
380 1725 574 1796 (urceolornm)
593 1725 763 1799 superficiem
779 1725 939 1780 extenditur.
961 1725 1055 1780 Flores
1069 1745 1143 1781 sae·.
1170 1725 1179 1742 ⁰

138 1815 259 1887 pissime
277 1814 378 1887 plures,
398 1816 541 1886 aggregati,
560 1813 720 1872 mediocres.
740 1813 812 1886 styli
828 1813 934 1867 hirsuti.
958 1816 1075 1867 Fructus
1096 1817 1128 1872 R.

137 1903 273 1965 collinae,
293 1903 346 1965 cui,
364 1913 473 1974 praeter
487 1903 639 1976 glabritiem
661 1895 834 1965 loliolorum,
858 1902 925 1957 baec
948 1905 1029 1956 etiam
1050 1901 1129 1957 valde

138 2001 187 2046 cst
203 1989 299 2050 affinis,
317 1991 449 2046 Rieberst.
467 1991 487 2044 l.
508 2010 531 2044 c.

242 2077 357 2135 liubin
372 2081 479 2142 Tauria,
497 2081 687 2153 satirequeue.
716 2080 782 2133 Sine
797 2079 880 2133 dubio
905 2077 991 2132 affinis
1012 2079 1045 2135 R.
1072 2079 1130 2132 col-

140 2169 235 2236 linae;
252 2187 316 2221 cum
331 2177 420 2220 autem
433 2167 534 2221 familia
548 2169 579 2225 R.
596 2167 710 2222 collinae
723 2171 833 2241 penitus
849 2169 899 2222 alia
918 2169 963 2230 sit,
982 2185 1063 2241 quam
1082 2167 1130 2220 itta

137 2260 172 2316 R,
191 2256 376 2328 rubiginosae,
396 2255 510 2309 affinitas
525 2257 603 2309 initio
624 2255 737 2327 bujusca
758 2243 954 2335 observationis
974 2264 1130 2317 memorata,
1205 2279 1207 2284 ·

134 2347 198 2401 scil.
217 2365 282 2398 cnm
299 2346 381 2398 llosis
396 2343 520 2421 nitidula,
536 2343 678 2418 Jandzilti,
696 2343 798 2407 Klnkii,
816 2343 926 2414 iberica,
941 2343 1129 2420 pulverulenta

134 2445 164 2490 et
179 2431 351 2498 floribunda,
371 2441 402 2486 ut
418 2432 629 2488 contradictoria
645 2435 738 2508 respui
752 2433 843 2510 debet.
