2678 3886
121 315 280 383 Ross
302 313 516 377 uncinilla
537 313 690 376 Bssser.

128 513 175 574 R.
202 505 417 593 germinibus
434 503 609 590 (urceolis)
628 503 746 578 ovatis,
764 503 1037 591 pedunculisque
1050 506 1123 592 gla-

176 611 265 688 bris,
289 608 417 674 aculeis
437 607 579 672 caulinis
596 605 811 692 compressis,
825 609 988 686 recurvis,
1009 611 1123 694 petio-

173 713 222 777 lis
244 712 525 798 pubescentibus,
549 710 721 785 aculeatis,
747 707 870 774 loliclis
897 710 1121 797 (majusculis)

177 815 403 893 lato-oratis,
429 813 659 890 acutiusculis,
683 811 948 900 subsimpliciter
974 815 1122 892 serratis,

177 939 283 1003 supra
302 917 554 1003 glabriusculis,
578 917 694 982 subtus
719 914 872 994 villosis,
894 917 1033 982 floribus
1062 937 1122 981 co-

173 1022 356 1105 rymbosis,
378 1023 562 1105 segmentis
581 1020 742 1104 calycinis
760 1019 918 1099 dilatatis,
936 1021 1122 1106 subpinna·

171 1124 290 1188 tilidis.
321 1124 484 1188 Bieberst.

127 1255 228 1316 Rosa
248 1247 430 1314 uncinella.
455 1261 651 1315 BesserCatal.
667 1259 737 1314 bort.
765 1261 854 1316 Creu.
880 1279 903 1314 a.
931 1264 1007 1320 1811.
1029 1261 1121 1334 suppl.

165 1363 196 1418 4.
212 1372 240 1426 p.
253 1366 296 1409 ιι.
320 1361 346 1406 et
361 1353 422 1410 cst.
439 1371 461 1409 a,
479 1351 555 1406 1816.
571 1369 598 1423 p.
615 1367 673 1422 119·
687 1349 726 1410 Μ.
746 1349 775 1404 Β.
792 1350 833 1405 Fl.
850 1358 920 1405 taur.
944 1369 1049 1405 caucas.
1070 1352 1121 1406 ΙΙΙ.

121 1531 124 1534 ,
165 1447 232 1522 ³49·
299 1469 301 1472 ·

233 1616 338 1670 Felicis
363 1635 418 1670 non
445 1635 509 1670 vere
533 1624 597 1668 sunt
616 1614 757 1679 biterrata,
775 1615 824 1670 aed
840 1615 1129 1690 potiusinaequaliter·

128 1714 249 1769 sunau,
268 1714 300 1758 nt
312 1706 436 1759 minores
451 1713 601 1758 serraturae
613 1704 761 1776 majoribus
775 1705 937 1778 quaudoque
957 1705 1122 1770 inhaereant,

125 1791 211 1869 qnod
225 1791 333 1866 quidem
350 1805 378 1848 et
392 1797 420 1847 in
436 1797 467 1848 ll.
487 1793 587 1847 collina
601 1803 682 1864 atque
696 1794 757 1867 ipsa
771 1794 865 1847 cauiua
881 1795 922 1847 sic
944 1798 1047 1868 passius
1070 1795 1122 1848 ob·

124 1886 212 1938 tinet.
230 1881 392 1937 Villositcte
407 1884 501 1946 ranst,
519 1885 558 1936 ita
572 1881 700 1956 quidem,
715 1889 747 1935 ut
768 1881 923 1948 loliolorum
944 1882 1041 1938 subtus
1059 1901 1122 1939 mox

127 1981 241 2026 tantm
256 1980 331 2025 costa
347 1991 497 2046 venaeque,
514 1992 577 2025 mox
591 1980 649 2024 tcta
662 1971 774 2024 inferior
784 1971 881 2042 pagina
888 1969 1029 2044 pubescat.
1051 1974 1120 2026 Cae·

125 2067 223 2115 terum
238 2058 342 2126 lubitu,
361 2061 476 2116 floribus
494 2069 523 2113 et
538 2059 715 2132 amplitudine
731 2059 1122 2132 segmentommcslycinorum

126 2151 163 2211 ll,
180 2149 319 2220 calyciuae
336 2152 459 2227 proxima
475 2159 525 2204 est.
545 2150 667 2222 Utraque
688 2147 838 2202 secuudum
860 2148 997 2220 specimen
1018 2150 1050 2202 ll.
1072 2169 1120 2205 ve·

123 2257 213 2292 nusae
229 2239 353 2293 Swartzii
370 2238 563 2303 authenticum,
583 2238 649 2292 mibi
664 2237 698 2290 ab
715 2238 881 2292 amicissimo
903 2236 1021 2290 Steveuc
1043 2257 1119 2291 com-

28 2333 31 2348 '
121 2326 305 2396 municatum,
328 2327 393 2382 buin
410 2347 539 2401 perquam
555 2330 635 2381 etiam
651 2327 738 2381 allinit
753 2334 805 2389 est,
823 2333 852 2382 et
868 2325 997 2383 ulteriori.
1014 2327 1120 2398 indiget

126 2434 195 2469 cum
214 2415 265 2469 buc
280 2397 494 2492 comparatione.
516 2417 647 2471 Bieberst.
661 2416 681 2469 l.
698 2435 722 2468 c.

228 2505 297 2558 Hab.
312 2507 342 2558 iu
361 2507 471 2569 Tauria,
484 2507 557 2560 iuter
575 2524 740 2576 congruere·
754 2506 865 2558 minime
878 2523 944 2559 rara.
970 2505 1003 2558 lu
1021 2503 1117 2558 delini·

121 2595 205 2648 tione
219 2592 378 2648 berseriaua
391 2594 519 2648 urceolus
534 2593 680 2668 ellipticus,
699 2593 786 2648 aculei
804 2593 902 2648 cauiini
916 2593 1002 2648 validi
1025 2597 1052 2646 ‘et
1073 2595 1116 2646 fc·

120 2681 192 2738 llola
211 2681 342 2754 elliptica,
365 2684 542 2747 acutiuscula,
560 2683 707 2746 biterrata,
725 2690 816 2748 costa,
833 2682 1002 2756 petiolisqus
1027 2681 1114 2754 pube·

121 2770 280 2826 aceutibus.
299 2772 396 2826 Affinis
412 2775 444 2827 R.
461 2773 585 2828 collinae.
605 2773 638 2826 Τ.

227 2859 330 2912 niffen
349 2881 363 2914 ι
382 2853 414 2915 li.
433 2863 537 2923 canius,
558 2864 604 2916 cui
616 2862 748 2934 proxima,
765 2859 893 2934 petiolis,
910 2859 1012 2915 aculeis
1032 2860 1116 2932 magis

121 2945 254 3010 aduncis,
271 2946 395 3017 calycusu
407 2949 513 3004 laciniis
530 2951 663 3020 maximis,
682 2957 822 3004 caeterum
841 2948 963 3003 viredine
983 2947 1053 3002 laeta
1072 2951 1115 3000 lc·

118 3035 228 3090 lioruur
246 3043 273 3087 et
297 3037 428 3092 rubedine
445 3058 589 3093 ramorum
611 3039 680 3112 Legi
695 3040 802 3093 curuli.
824 3037 970 3090 belsamica
984 3039 1029 3108 (li.
1045 3035 1114 3089 Klu·

115 3124 183 3196 ιιι.)
203 3122 282 3176 Bm.
301 3121 350 3178 Eu
366 3127 404 3200 pl
420 3127 538 3200 Volbyn
553 3128 684 3184 etPcdcl
678 3146 726 3203 p
742 3144 787 3184 ac
795 3124 860 3186 vid
875 3127 955 3182 etiam
963 3125 1113 3181 Praelatio-

116 3232 186 3270 uem
199 3213 248 3266 Ti.
268 3215 425 3284 praesentis

157 3499 192 3562 7.
279 3581 286 3588 .
