2678 3886
123 471 128 480 Ι
218 377 323 440 xxtv

217 537 282 598 Per
299 533 560 620 generationem
578 551 650 596 uon
668 531 773 599 modo
793 501 939 598 numero
957 532 1020 598 sed
1038 549 1072 600 et
1090 535 1209 604 diver-

219 675 315 752 sitate
341 689 511 759 augentur
536 671 722 739 individua.
755 671 856 750 Quod
878 671 922 737 ab
944 674 1043 737 initio
1067 677 1207 760 species
1232 673 1234 678 ’

217 805 348 892 tuerat,
369 814 439 901 jam
457 835 550 879 nunc
568 827 619 878 est
639 833 748 898 genus
769 811 826 878 vel
845 813 978 896 integra
996 810 1146 892 familia,
1171 827 1209 879 et

219 953 314 1039 quod
332 955 456 1018 nostris
474 949 594 1018 diebu's
608 953 740 1048 species
756 973 931 1030 vocamus,
947 932 1134 1016 formarum
1150 950 1207 1016 di·
1237 987 1238 994 κ

217 1092 395 1156 versitates
419 1105 498 1156 sunt
515 1092 589 1156 aliis
608 1070 782 1176 graviones
800 1104 834 1154 et
857 1091 893 1154 io
910 1092 992 1177 ipsis
1009 1096 1206 1162 novissimis

216 1230 437 1295 varietatibus
461 1229 719 1316 agnoscendae:
753 1230 815 1295 sed
841 1229 981 1297 tandem
1012 1253 1056 1298 ex
1078 1236 1205 1299 nostris

216 1349 437 1434 varietatibus
460 1371 541 1455 ipsis
561 1389 670 1434 novae
691 1368 892 1455 exoriuntur
913 1363 1153 1449 diversitates‚-
1169 1347 1206 1437 et

217 1507 267 1572 sic
283 1507 326 1571 de
344 1508 398 1571 die
417 1509 453 1571 in
468 1507 560 1572 diem
576 1505 853 1592 multiplicantur,
874 1528 954 1572 cum
968 1510 1100 1574 interea
1115 1509 1204 1574 aliae

217 1647 379 1731 pristinae
417 1647 564 1710 rariores
584 1610 704 1723 dant,
744 1645 801 1712 vel
835 1648 972 1732 penitus
1007 1647 1050 1712 de
1079 1648 1203 1714 mundi

197 1763 351 1848 'theatro
379 1755 584 1870 dispensanti
622 1786 677 1848 Sic
705 1786 741 1848 iu
767 1798 943 1870 posterum
973 1785 1059 1850 sorte
1088 1785 1220 1879 plures

220 1920 322 1987 nobis
356 1923 404 1988 sio
438 1923 549 1988 diotae
573 1925 740 1988 Rosamm
770 1923 901 2008 species
932 1923 1109 2003 deficient,
1140 1946 1207 1998 uo-

217 2063 270 2126 vis
299 2063 335 2126 iu
365 2061 622 2128 carumlocum
651 2062 799 2141 exertis,
831 2083 913 2148 quas
939 2063 1094 2146 noudum
1121 2084 1204 2129 nos-

221 2200 340 2267 cimus.

264 2419 267 2427 Ι
303 2343 441 2425 Species
458 2341 661 2428 originarias,
670 2341 807 2406 nonnisi
821 2341 857 2403 iu
870 2339 1113 2406 diversissimas
1130 2342 1201 2407 for-

219 2495 291 2541 mas
314 2476 537 2564 degeneratae
563 2482 821 2566 cognoscimus,
847 2492 880 2542 et
905 2481 954 2544 sic
977 2480 1202 2576 degeneratae

220 2616 360 2702 Species
380 2615 495 2682 dicere
513 2621 761 2686 consuevimus.
792 2617 893 2696 Quod
909 2631 1022 2708 autem
1040 2620 1075 2682 in
1093 2611 1203 2703 pluri-

218 2755 296 2834 mis,
318 2754 425 2822 veluti
442 2757 479 2822 in
495 2759 614 2838 Erice*
634 2756 756 2834 salice,
781 2723 994 2834 Renunculo,
1017 2757 1119 2836 Iride,
1142 2760 1207 2820 Pe-

219 2891 394 2980 largonio‚
418 2897 606 2990 veronica,¹
626 2879 756 2973 herico,
780 2899 911 2982 Cype‘ro
936 2910 970 2960 et
987 2868 1106 2960 multis
1128 2895 1204 2961 aliis

220 3029 473 3127 facimusuhoo
503 3037 604 3099 etiam
621 3035 658 3098 in
677 3037 844 3099 Rosarum
869 3033 1062 3100 diversitate
1090 3037 1205 3100 oonsi-

221 3167 349 3272 derare'
362 3173 481 3238 suadet
500 3173 657 3260 analogia
677 3187 711 3238 et
727 3175 867 3240 rationis
887 3176 1142 3262 consequentia.
1165 3181 1207 3240 Iu

222 3325 263 3376 eo
283 3312 397 3398 itaque
416 3333 518 3378 sensu
537 3315 667 3398 speeies
689 3315 855 3378 Rosarum
877 3335 1038 3380 vocamus
1062 3313 1208 3379 diversi·

220 3463 307 3517 tates
335 3452 532 3520 earumdem
557 3451 754 3538 gra'viores‚-
773 3473 854 3537 ques
883 3455 1103 3538 generatione
1124 3473 1208 3540 pro·
