2670 3884
124 325 770 409 ROSAumbellntacrusgnlli.
840 419 844 434 κ

114 519 339 606 Distinguitur
358 516 454 582 caule
471 529 606 602 vegeto
610 517 828 604 glaberrimo,
853 520 980 616 aculeis
998 543 1092 608 spar-

152 622 195 685 sis
209 620 442 695 subrecurvis,
453 621 514 684 sed
523 605 712 685 fortissimis
723 623 892 700 maximis,
900 629 1090 710 purpureis,

152 723 280 788 loliolis
298 722 533 801 subrotundis,
556 723 672 788 subtus
690 725 965 803 canescentibus,
990 751 1091 814 supra

89 899 92 904 ,
150 839 301 890 saturato
321 825 498 902 viridibus,
517 826 643 903 nitidis,
664 825 953 910 fragrantissimis3
976 851 1090 896 ramu-

50 924 55 930 '
148 927 189 1007 lis
210 927 371 992 floriferis
388 927 583 992 lateralibus
602 927 828 1014 subaphyllis,
852 928 1030 1012 aculeatis,
1056 949 1089 998 et

148 1030 504 1115 hispido-aculeatis,
528 1030 665 1094 floribus
688 1030 1088 1116 fasciculato-‚cymosis,

146 1131 384 1197 mediocribus
401 1133 512 1217 plenis
530 1134 708 1217 expansis,
727 1133 955 1218 pulcherrime
969 1140 1088 1217 roseis,

144 1233 373 1319 pedunculis,
396 1234 542 1298 urceolis
557 1236 677 1317 oratis,
702 1241 954 1323 segmentisque
975 1240 1088 1304 corol-

143 1336 177 1400 la
204 1337 281 1401 fere
315 1334 545 1421 longioribus,
576 1336 777 1421 glanduloso
797 1378 813 1388 -
830 1341 1086 1425 hispidissimis,

143 1439 296 1504 bracteis
319 1459 425 1504 nervo
440 1459 539 1503 roseo
557 1442 691 1505 notatis.
714 1445 749 1506 T.

201 1633 273 1684 leon
290 1631 395 1704 egregie
410 1629 482 1704 apud
497 1628 675 1685 Andreaeinm
690 1632 718 1684 in
733 1633 797 1686 llos.
811 1634 875 1686 iaec.
889 1641 916 1689 3.
934 1635 1002 1689 Cum
1019 1636 1086 1692 haee
1147 1687 1150 1692 .

104 1720 215 1777 varietas
225 1722 255 1772 in
263 1717 364 1787 Anglie
376 1711 429 1788 iem
437 1717 470 1770 ab
480 1720 553 1772 omni
567 1722 689 1790 tempore
703 1718 840 1786 habeatnr,
856 1722 937 1776 verbo
949 1743 1011 1777 cum
1026 1745 1085 1778 orn·

103 1827 149 1862 nes
163 1811 315 1862 varietates
332 1805 485 1878 englicanae
501 1806 534 1858 ed
548 1808 579 1862 lt.
596 1807 769 1862 umbelletem
787 1819 926 1884 spectent,
953 1832 1032 1885 quam
1053 1823 1085 1866 nt

104 1897 250 1951 normalem
267 1893 406 1958 dedimus,
421 1898 535 1948 menime
548 1895 628 1950 nobis
642 1897 792 1950 verosimile
806 1897 930 1962 videtur,
940 1903 1014 1972 quod
1028 1904 1083 1956 vir·

104 1994 172 2039 tatas
196 2003 269 2058 quae
292 1984 324 2037 n.
350 1982 452 2036 Zabetb
473 1983 679 2049 adscribuntur,
698 1988 778 2039 etiam
794 1985 865 2048 huic,
885 1991 1034 2061 ceterisque
1051 1987 1081 2042 ll.

104 2072 266 2127 umbelletee
287 2071 464 2126 varietatibus
486 2071 659 2147 imperandae
680 2075 743 2128 sint.
774 2075 806 2128 ll.
828 2074 972 2130 umbellete
997 2077 1082 2150 major

103 2160 305 2237 boieproximc
322 2157 407 2214 affinis
420 2169 470 2216 cst.
497 2162 530 2215 T.
