2678 3886
94 287 235 352 Rosa
259 283 513 350 erubescens
534 285 658 350 Andr.

95 484 133 546 R.
155 480 312 545 urceolis
333 480 439 544 oratis
456 479 727 566 pedunculisqne
751 477 1112 566 hispido-glandule,

136 586 192 662 sis,
217 585 410 670 segmentis
432 582 590 671 oblongis
606 585 834 669 integerrimis
849 581 993 669 glabris,
1022 603 1085 667 pe·
1135 647 1141 657 ,

135 687 229 751 tiolis
251 685 493 765 subaculcatis,
516 687 641 752 foliolis
662 689 822 772 (magnis)
842 684 1094 750 ovato-acutis·

136 789 371 874 inaequaliter
389 791 522 855 serratis
539 789 776 880 discoloribus,
795 789 922 854 aculeis
942 787 1083 878 caulinis

136 894 265 978 sparsis
292 891 470 971 solitariis,
506 892 578 958 aliis
610 895 712 958 rectis
735 892 978 968 subsetaceis,
1011 889 1084 954 aliis

136 996 274 1081 magnis
294 997 458 1075 recurvis,
481 996 555 1062 basi
572 995 737 1075 dilatatis,
760 995 1024 1082 atropurpureis.
1048 997 1084 1058 Τ.

96 1121 184 1186 Rosa
208 1120 433 1186 erubescens.
459 1135 540 1190 Andr.
556 1117 620 1190 Ros.
637 1111 702 1190 fase.
717 1133 760 1192 56.

191 1311 357 1366 Secundum
374 1311 517 1367 Andreusii
533 1315 640 1367 iconem
649 1322 676 1366 et
689 1331 774 1386 pauca
783 1319 1000 1380 commemorata,
1021 1328 1085 1364 cau-

95 1399 128 1452 lis
144 1402 238 1462 fortis,
260 1399 350 1454 aculei
364 1419 479 1472 superne
493 1421 565 1455 mers
582 1404 660 1466 recti,
680 1402 803 1473 graciles,
821 1401 870 1455 sed
887 1403 916 1454 in
933 1397 1086 1454 confinibus

95 1489 170 1543 mixti
187 1508 252 1542 cum
261 1488 422 1542 fortioribus
436 1488 533 1544 validis
544 1491 679 1564 3stipulae
695 1489 945 1546 ssavicauti-rirides
954 1488 1087 1559 oblongae

97 1578 255 1632 serrulstae.
282 1577 389 1634 Foliola
402 1579 549 1640 late-ovata
570 1579 711 1652 (glabra‘l)
731 1598 864 1642 concava,
878 1579 992 1632 manime
1011 1578 1086 1630 inas-

97 1666 211 1736 qualiter
225 1675 257 1718 et
270 1667 326 1719 lere
340 1667 615 1738 duplicato-serrata,
635 1687 751 1741 superne
767 1667 990 1740 glauco·riridia,
1018 1665 1085 1719 sub-

98 1761 139 1806 tus
153 1756 338 1808 canescentia.
365 1755 517 1810 Pedunculi
532 1765 574 1810 sat
587 1755 670 1826 longi,
687 1755 843 1810 dichotome
861 1755 965 1827 cymosi
980 1763 1008 1808 et
1028 1755 1085 1806 fere

97 1843 236 1914 fastigiati.
259 1843 355 1897 Floras
370 1843 522 1918 semipleni,
541 1845 835 1919 magni,palli1lissime
854 1846 935 1908 rosei,
955 1844 1084 1916 speciosi.

97 1931 252 2002 Hispiditas
271 1931 489 2002 pedunculorum
507 1942 534 1987 et
549 1933 720 1988 urceolorum
733 1936 1084 2002 minorumpereoratornm
1120 1984 1122 1988 .

99 2010 247 2073 admodum
261 2029 361 2074 tenera.

24 2091 25 2104 ἵ
196 2109 294 2164 Affinis
309 2110 419 2166 ridetur
434 2109 465 2162 lt.
482 2109 650 2181 fastigiatam
669 2109 720 2166 sed
735 2110 827 2166 differt
844 2109 954 2164 urceolo
972 2105 1086 2181 glandu-

100 2195 157 2250 loss
169 2196 295 2269 hispido,
313 2195 476 2270 pedunculis
492 2198 634 2270 elongatis,
654 2209 681 2254 et
697 2199 799 2254 foliolis
821 2198 1084 2274 pruinoso-glauce·

102 2285 242 2339 acentibus
250 2305 260 2356 3
278 2289 330 2340 all.
341 2289 428 2342 caesia
442 2290 587 2358 segmentis
603 2287 652 2342 cal.
666 2287 886 2362 simplicissimis,
903 2285 1086 2340 aculeisinae·

103 2374 237 2446 qrulibus,
255 2393 312 2428 non
327 2375 626 2448 binato·stipularibus,
646 2376 747 2431 foliolis
760 2377 815 2431 late
831 2379 918 2435 oratis
934 2385 986 2431 etc.
1015 2376 1095 2431 ven.
1155 2363 1157 2369 ,

103 2459 149 2525 bo,
163 2463 256 2516 nullae
273 2467 424 2536 specierum
439 2485 454 2518 a
467 2485 509 2518 rue
523 2476 709 2540 susceptarum
723 2469 801 2540 potui
816 2476 847 2519 ut
854 2467 1010 2521 varietatem
1016 2463 1083 2518 sub-

102 2547 219 2621 jungere.
248 2551 428 2624 Quantumvis
460 2573 521 2624 ergo
543 2554 624 2626 hujus
640 2555 749 2629 plantae
771 2555 935 2627 incompleta
955 2553 1084 2623 cognitio,

104 2638 141 2691 nil
153 2641 241 2693 tutius
256 2645 409 2712 superstitit
419 2662 502 2718 ¹quarn
518 2632 646 2717 specifica
661 2643 812 2700 distinctio.
843 2645 875 2700 si
888 2643 955 2696 mihi
970 2642 1083 2696 demon-

105 2735 204 2780 stretur
217 2731 333 2802 species,
347 2733 381 2786 ad
396 2750 475 2804 quarn
491 2734 635 2804 pertineat,
652 2732 750 2787 lubens
768 2743 937 2805 praesentem
953 2720 1082 2804 recipiam¹

105 2823 130 2868 et
144 2835 194 2888 pro
209 2816 292 2888 hujus
306 2819 412 2876 illiusrc
427 2821 556 2876 varietate
573 2819 725 2908 declarabo.
746 2823 779 2875 T.
