2650 3886
106 335 239 401 ROSA
260 321 545 416 glalctscens.
572 333 702 410 Wutj.

107 461 143 522 R.
167 454 312 521 urceolis
339 451 490 538 globosis
516 452 676 518 coloratis
698 450 844 536 glabris,
880 451 1084 536 pedunculis

145 541 372 614 brevissimis,
396 537 590 621 calycisque
609 537 792 622 segmentis
812 550 910 602 extus
928 539 1085 622 spinoso-

145 624 373 712 gla'ndulosis,
397 625 487 688 intus
508 624 727 697 tomentosis,
760 623 856 686 caule
877 624 1083 708 petiolisque

144 712 317 786 aculeatis,
341 707 467 773 foliolis
484 706 653 790 ellipticis,
676 707 836 790 utrinque
859 709 998 790 glabris,
1024 730 1085 772 an-

143 799 208 861 tice
239 792 464 879 inaequaliter
482 805 515 854 et
540 805 657 876 argute
681 792 826 854 serratis.
858 795 893 856 T.

105 924 188 984 Rosa
209 918 442 1003 glaucescens.
465 927 581 983 Wulfen
606 927 635 980 in
665 929 743 980 Rem.
770 927 850 980 Aret.
877 928 928 982 111.
954 929 972 979 t.
1004 933 1031 982 s.
1057 948 1085 999 p.

135 1007 193 1075 375.

105 1100 187 1234 Rtltpa
208 1091 396 1234 mbtggolia.
427 1107 504 1178 Jacq.
523 1107 627 1177 Fragm.
646 1104 705 1158 bot.
725 1124 754 1178 p,
776 1124 820 1177 7⁰·
848 1114 867 1164 t.
897 1107 957 1162 soti.
992 1067 1100 1156 Lintts

160 1199 199 1236 os.
219 1199 266 1232 no.
322 1220 329 1235 .
362 1192 364 1196 ’
418 1231 420 1242 ,

200 1289 302 1338 Frutex
319 1284 518 1338 ramosissimis
535 1286 592 1336 5·-
605 1281 738 1354 6pedulis.
757 1283 851 1336 Acrrlei
869 1284 930 1345 rari,
948 1282 1090 1356 substipu-

105 1357 181 1418 lares,
201 1356 326 1428 graciles,
345 1355 512 1416 subrecurvi,
531 1353 591 1406 basi
607 1355 729 1416 dilatata,
747 1355 775 1406 in
791 1354 867 1406 cattle
882 1355 973 1406 infimo
995 1356 1091 1426 copio-

106 1433 136 1484 si.
157 1440 246 1482 tannen
264 1427 385 1498 graciles.
406 1426 570 1478 [invitantes.
595 1426 672 1477 Folia
688 1442 704 1480 2
718 1456 744 1467 -
755 1425 844 1497 djuga,
861 1426 963 1478 foliolis
979 1425 1089 1478 subses-

106 1502 210 1562 silibus,
230 1497 336 1570 rigidis,
353 1497 492 1570 plerisque
513 1496 658 1569 ellipticis,
678 1496 800 1552 obtusis,
822 1497 882 1550 aliis
903 1494 1092 1557 subrotnndis,

106 1571 163 1626 aliis
179 1570 298 1642 denique
318 1571 404 1622 oratis
421 1578 449 1620 et
465 1571 561 1630 acutis,
582 1571 710 1638 utrinque
725 1567 840 1638 glabris,
861 1569 895 1621 ud
918 1569 1092 1622 medietatem

107 1663 188 1715 usque
205 1652 233 1693 et
250 1643 321 1692 ultra
340 1639 400 1692 basi
413 1641 602 1710 integerrimis,
621 1641 709 1691 antico
724 1643 843 1702 serratis,
861 1644 1003 1692 serraturis
1018 1641 1093 1690 inae·

108 1713 232 1785 qualibus
254 1721 405 1764 antrorsum
423 1712 516 1772 versis,
534 1709 693 1781 cuspidatis,
712 1713 808 1782 pagina
822 1715 962 1781 superiore
977 1713 1035 1764 sinc
1051 1711 1095 1762 ni-

107 1795 162 1837 tore
185 1792 307 1838 saturato
330 1782 497 1842 virentibus,
522 1783 648 1834 inferiore
668 1780 903 1858 glaqcascentibus
919 1792 946 1835 ot
959 1802 1009 1855 per
1022 1792 1095 1834 aeta-

108 1866 159 1908 tem
175 1852 395 1908 rubescentibus.
415 1853 514 1904 Petioli
531 1853 714 1923 rubescentes,
734 1852 828 1921 glabri,
844 1853 945 1906 aculeis
959 1855 1094 1905 uncinatis

109 1930 208 1980 armati.
235 1925 364 1997 stipulae
388 1924 498 1994 longae,
518 1923 640 1992 glabrae,
660 1923 767 1976 tandein
791 1922 997 1988 erubescentes,
1017 1927 1096 1996 apice

109 1996 319 2052 subserrulutae.
345 1997 438 2047 Floras
452 1995 506 2047 illis
522 1997 553 2047 lt.
569 1995 724 2046 rubrifoliee
739 1995 879 2056 simillimi,
898 1996 1094 2058 suaveolentes,

114 2071 222 2139 synesi,
241 2066 406 2142 pedunculis
421 2065 587 2120 brevissimis
603 2065 717 2127 suffulti,
736 2069 783 2138 qui
798 2069 838 2118 uti
863 2074 891 2118 et
909 2067 1009 2136 calycis
1034 2080 1095 2136 seg-

111 2151 207 2204 menta,
225 2137 328 2190 aculeis
344 2139 453 2210 sparsis,
474 2139 562 2209 parvis
583 2146 610 2189 et
629 2137 694 2189 setis
715 2137 883 2208 glandulosis
903 2139 1001 2189 muniti
1023 2145 1096 2188 sont.

109 2211 199 2264 Petale
218 2209 474 2270 rubro-incarnata,
492 2207 550 2260 basi
568 2207 720 2268 ilbicautia,
749 2209 881 2277 Stigmata
900 2207 1000 2268 brevia,
1020 2208 1097 2261 albo-

111 2291 274 2334 tomrntosa.
302 2281 418 2332 Fructus
431 2281 553 2364 perfecte
568 2279 689 2350 globosi,
709 2279 812 2351 glabri,
830 2282 946 2354 primurn
962 2281 1097 2343 miniacei,

109 2355 214 2408 tandem
232 2350 349 2404 obscure
366 2351 450 2411 rubra,
470 2351 514 2403 vel
528 2351 740 2403 atro-rubentes.

202 2422 275 2477 Hab.
291 2423 320 2474 in
338 2421 406 2476 valle
421 2421 594 2474 blainitzensi
606 2423 635 2473 in
650 2421 762 2494 sepibus
781 2425 810 2474 in
831 2421 979 2476 Corinthia.
1007 2424 1112 2476 Dete-³

108 2495 145 2547 xit
159 2494 186 2548 b.
205 2493 332 2549 Wulleu.
350 2493 443 2546 Affinis
458 2495 567 2546 omnino
583 2493 614 2545 R.
630 2492 802 2562 rubrifoliae3
821 2493 869 2546 sed
886 2494 979 2546 differt
996 2499 1093 2549 urceo'·
1105 2509 1115 2528 ·
1173 2517 1181 2528 ·

106 2565 138 2620 lis
164 2565 357 2635 fructibusque
380 2563 500 2633 globosis
525 2562 640 2635 glabris,
662 2563 826 2635 pedunculis
853 2566 1007 2637 culycisque
1032 2585 1093 2640 seg-

107 2641 202 2691 mentis
222 2634 394 2697 aculeolatis,
412 2637 532 2707 petiolis,
550 2635 708 2706 foliolisqus
724 2634 834 2706 glabris,
854 2647 881 2689 et
903 2638 1016 2696 floribus
1030 2639 1093 2690 bre-

107 2710 214 2762 vissime
236 2705 439 2780 pedunculatis.
470 2708 613 2779 Descripsi
636 2707 785 2759 secuudum
807 2710 956 2780 specimina
982 2709 1093 2762 Wulfe·

108 2784 191 2833 niune.
213 2777 310 2833 Serius
326 2775 434 2830 tandem
449 2777 588 2830 observavi
608 2778 637 2830 ll.
654 2776 821 2831 rubriloliam
839 2779 877 2835 itt.
893 2781 1020 2852 Jacqniui
1035 2798 1095 2840 esse

109 2855 216 2920 penitus
234 2870 249 2900 a
264 2850 295 2900 ll.
313 2847 451 2900 rubrifolia
466 2849 586 2902 Villarsii
606 2847 737 2902 diversam
756 2858 784 2900 et
797 2848 923 2902 omnibus
938 2854 1011 2904 notis
1033 2871 1096 2903 cum

109 2921 138 2973 ll.
161 2922 354 2994 glaucesconte
374 2919 464 2974 Wolf.
491 2921 642 2973 convenire.
669 2919 741 2991 Ergo
764 2922 843 2976 etiam
866 2923 893 2973 in
915 2924 1021 2974 Austris
1040 2941 1096 2974 non

108 2991 212 3046 habitat
228 2995 259 3044 lt.
278 2990 434 3052 rubrifolia,
453 2989 503 3044 sed
518 2992 548 3042 R.
565 2990 745 3060 glaucesceus.
773 2991 833 3043 Alia
851 3001 894 3044 est
915 2995 943 3044 tt.
969 2992 1095 3062 glauces·

111 3083 171 3116 cens
187 3065 286 3123 Merat,
307 3063 389 3113 Paris.
412 3077 469 3135 192.
490 3081 559 3134 quae
582 3063 613 3115 ll.
634 3063 744 3116 caninae
765 3062 867 3124 aftiuis,
888 3073 1007 3117 ceterum
1027 3063 1095 3116 mibi

108 3138 216 3207 penitus
230 3137 334 3207 ignota.
353 3133 386 3186 T.
