2574 3890
573 147 580 172 t

58 272 206 368 Rds'A
229 303 512 391 Lindleydnu.
539 307 572 365 Τ.

60 429 102 492 R.
128 424 283 488 urceolis
303 425 421 502 oratis,
444 424 680 501 involucratis,
701 425 904 510 pedunculis
921 423 1054 494 brevis-

79 530 226 620 lsimis,
261 528 469 612 ramulisque
505 527 649 604 villosis3
682 530 808 594 aculeis
836 530 1052 597 subrccurvis

104 633 311 718 geminatis,
339 631 556 718 stipularibus
580 646 611 695 et
640 632 971 717 extrastipularibus3
994 637 1054 710 sti-

104 736 203 821 pulis
225 734 343 798 solutis
370 734 550 813 subulatis,
574 735 699 799 foliolis
725 736 852 820 glabris
877 737 1051 826 ellipticis,

108 836 377 945 obtusiusculis³
401 851 517 922 argute
538 841 682 903 serratis.
707 841 741 902 T.
781 833 785 840 ’

65 964 159 1027 Rosa
182 951 367 1027 bracteam.
391 976 457 1033 ned.
474 979 575 1032 noer.
592 998 619 1050 p.
633 982 677 1036 se.
694 998 717 1029 0.
733 979 770 1035 ie.

67 1073 160 1135 Rosa
185 1067 408 1133 involucrata.
431 1082 500 1136 Bibl.
516 1084 617 1137 Braam.
637 1084 728 1143 Lindl,
742 1086 806 1138 Ros.
820 1103 866 1136 no.
881 1087 906 1139 5.

159 1191 265 1244 ·Caulis
283 1191 428 1244 senticosus
443 1209 555 1264 repens,
582 1189 756 1252 scandensve,
778 1189 874 1243 ramuli
889 1189 972 1258 livide
987 1210 1053 1261 pur·
1097 1187 1100 1196 ’

68 1290 260 1350 purascentes,
280 1283 375 1332 armati
390 1279 490 1334 aculeis
504 1289 546 1332 sat
560 1279 658 1334 validis
674 1299 780 1353 semper
795 1281 915 1352 geminis,
933 1288 1054 1332 atrcsou·

73 1370 199 1438 guineis,
220 1369 408 1432 subrecurvis,
425 1369 601 1442 stipularibus
625 1377 652 1422 et
670 1367 929 1440 extrastipularibns.
956 1369 1056 1422 Pctioli

72 1457 210 1511 sculeolis
223 1459 324 1529 sparsis
338 1459 452 1526 muniti3
473 1458 589 1528 stipulae
604 1457 686 1520 laxae,
705 1443 856 1519 subulatac,
874 1460 983 1530 penitus
998 1459 1056 1512 dis·

72 1543 197 1615 solntae3
224 1545 318 1598 sclicla
342 1548 381 1615 (in
394 1545 468 1598 loliis
488 1546 642 1617 3-5jugis
658 1566 719 1598 cunr
741 1547 850 1618 impari)
872 1545 992 1620 elliptica
1015 1546 1057 1616 (iu

71 1632 145 1685 culta
161 1637 245 1687 etiam
260 1634 389 1687 nonnulla
403 1633 530 1705 obovata)
548 1635 673 1706 oblonga,
691 1643 800 1698 serrata,
818 1642 936 1688 saturate
951 1635 1057 1699 viridia,

73 1722 414 1795 supralucida‚utrinque
431 1721 530 1794 glabra,
556 1724 648 1775 Flores
671 1724 835 1796 quandoque
849 1723 979 1786 solitarii,
1006 1725 1058 1776 alia
1091 1790 1094 1794 ¹

74 1809 132 1863 vice
148 1813 250 1882 gemini
263 1812 304 1865 vel
320 1807 385 1866 a'dfi
402 1811 520 1876 collecti,
539 1811 696 1880 umbellati;
724 1810 873 1884 peduncnli
894 1811 1057 1874 brevissimi,

73 1895 201 1952 bracteae
216 1883 344 1962 s'erratae',
361 1909 388 1952 et
399 1901 503 1954 urceoli
517 1920 531 1952 a
545 1899 662 1952 bracteis
678 1901 801 1972 cooperti
815 1901 904 1954 caesio
913 1899 1057 1956 -vclutini

72 1986 165 2040 Petale
182 1989 254 2052 albe,
273 1987 429 2052 obcordata,
447 1991 490 2046 vix
511 1992 673 2061 emarginata
697 2009 757 2042 cum
778 1989 931 2043 rudimento
954 1990 1057 2042 acumi-

73 2077 124 2128 nis.
145 2079 242 2131 Flores
260 2076 375 2130 odorati.
397 2079 491 2132 Planta
507 2081 535 2132 in
550 2078 683 2150 tepidario
699 2081 903 2150 sempervirens.
931 2076 989 2131 Sub
1010 2077 1057 2131 dio
1113 2109 1115 2114 a

76 2159 179 2220 hiemes
194 2175 302 2220 nostras
318 2169 451 2220 sustinere
470 2167 594 2224 dicitur..

128 2282 131 2290 v
172 2255 243 2308 llab.
264 2259 292 2308 in
314 2257 427 2328 imperio
443 2254 572 2318 chinensi,
587 2274 636 2308 nec
650 2273 705 2307 non
718 2256 747 2308 in
768 2255 908 2326 uliginosis
929 2254 1057 2328 nepalen·

75 2338 160 2397 sibus.
186 2345 290 2398 Dissert
306 2345 474 2416 apertissime
489 2363 502 2395 a
517 2346 548 2397 R.
564 2343 701 2398 bracteola
715 2345 825 2417 stipulis
849 2343 982 2398 subulatis
1006 2363 1058 2398 nec

74 2429 227 2497 fimbriatis,
245 2432 347 2485 foliolis
363 2435 471 2486 serratis
489 2451 540 2486 nec
567 2435 692 2496 crenatis,
712 2433 829 2486 bracteis
844 2435 956 2504 integris
971 2453 1058 2487 serra·

78 2520 113 2572 tis
129 2519 180 2575 bec
196 2523 326 2583 cristatis,
345 2521 498 2596 petalisquc
514 2525 557 2576 vix
572 2523 741 2592 emarginatis
756 2543 817 2576 cum
839 2525 968 2576 acumine.
991 2524 1059 2577 'Etsi

79 2607 107 2658 iu
122 2629 205 2682 opere
226 2611 402 2665 Redouteano
426 2630 457 2663 cx
475 2613 675 2684 praesumtione
693 2612 826 2685 quaedem
846 2621 974 2684 corrupta
996 2623 1023 2664 et
1043 2633 1058 2663 a

77 2712 138 2748 vera
153 2701 183 2757 lt,
197 2699 335 2753 bracteata
349 2702 377 2753 in
393 2699 461 2753 hanc
477 2699 605 2752 translata
619 2719 677 2754 esse
692 2699 829 2760 videntur,
843 2708 933 2754 tamen
947 2717 1056 2770 compa·

81 2787 147 2838 ratio
170 2788 320 2861 quemlibet
340 2791 497 2853 convincet,
523 2788 592 2842 banc
612 2808 667 2843 non
685 2807 743 2842 csse
757 2791 789 2841 ll.
810 2787 989 2856 bracteatum,
1008 2788 1059 2841 sed

82 2877 199 2944 speciem
215 2877 346 2932 diversam
363 2887 390 2930 et
407 2879 517 2950 quidem
531 2878 651 2940 eandem,
671 2896 738 2950 quae
755 2879 784 2928 in
798 2875 965 2930 Bibliotheca
980 2879 1057 2930 Catt-

80 2957 171 3031 lcyana
183 2966 309 3031 Londini,
327 2967 392 3020 olim
407 2955 570 3032 Braamiana,
583 2969 611 3019 in
626 2969 705 3019 icone
727 2965 848 3019 chinensi
870 2963 993 3036 originali
1014 2985 1057 3018 as-

83 3064 210 3118 servatur,
229 3056 262 3110 de
282 3075 333 3129 qua
356 3058 509 3128 nuperrimo
532 3049 654 3109 delectus
675 3062 709 3109 30
736 3055 929 3126 speciminum,
955 3053 1057 3126 absque

83 3144 154 3195 omni
172 3147 406 3210 commentatione,
426 3145 476 3198 sub
492 3145 592 3198 titulo:
612 3147 707 3198 leones
722 3141 873 3216 plantarum
886 3140 1058 3216 sponteri-

82 3236 295 3296 renascentium
309 3254 323 3288 e
338 3233 508 3288 Bibliotheca
515 3233 668 3286 Braamiana
678 3240 840 3302 *excerptaet
861 3229 980 3304 Londini
989 3233 1056 3304 1822

84 3316 111 3368 in
128 3321 172 3374 lcl.
188 3321 277 3380 editus
292 3325 352 3389 soit,
372 3323 478 3380 editore
494 3321 636 3392 Lindleyo.
659 3323 691 3375 Τ.

127 3504 194 3571 190.
322 3549 330 3570 ,¹
493 3487 525 3548 s.
549 3487 589 3564 11.
613 3495 664 3576 24.
