2678 3886
46 325 190 390 nost
215 303 493 418 acipejua.
524 333 619 394 raa.

62 527 105 588 ll.
121 522 277 588 urceolo
298 523 438 605 calycis
458 522 612 607 globoso,
633 520 905 609 pedunculisque
932 522 1070 608 glabris,

112 625 211 692 loliis
227 627 402 712 pinnatis,
426 625 568 711 trijugis,
590 625 715 690 foliolis
734 625 1071 701 ovato-lanceolatis,

118 730 328 816 cuspidatis,
352 727 582 813 glaberrimis,
599 728 849 807 concoloribus,
865 741 1073 815 argute-ser-

119 835 223 910 ratis,
243 831 387 916 petiolis
405 853 505 916 supra
521 830 798 916 pubescentibus,
820 831 934 912 alatis3
966 831 1072 917 spinis

118 939 163 998 in
190 934 288 999 caule
307 933 505 1012 rarioribus,
528 935 707 998 uncinatis.
731 937 770 998 T.

59 1065 175 1125 Rosa
196 1057 377 1146 aciphylla.
394 1073 451 1124 llau
471 1073 598 1130 Enumer,
617 1089 671 1124 ros.
696 1091 723 1144 p.
748 1074 790 1146 69.
814 1089 838 1129 c.
858 1073 894 1131 ie,
914 1069 981 1124 Red.
1008 1071 1072 1124 llos.

106 1164 154 1216 Π.
180 1169 228 1218 31.
918 1165 921 1172 ’
1094 1161 1099 1174 ’

194 1341 295 1392 Frutex
309 1353 324 1392 2
338 1367 371 1390 μ
385 1331 423 1405 Ξὲ
439 1337 553 1410 pedalis,
568 1337 648 1390 ramis
655 1338 767 1400 strictis,
783 1339 876 1401 fuscis,
890 1335 1072 1398 ramuliscou·

64 1429 269 1490 senissimis,
293 1426 429 1481 brevibus.
457 1425 555 1480 Petioli
577 1427 662 1480 rarius
685 1426 807 1479 aculeati.
836 1426 960 1500 stipulae
980 1425 1074 1489 aleres,

65 1518 216 1586 margine
231 1513 365 1588 glandulis
381 1516 510 1585 stipitetis
526 1516 647 1570 vestitae.
673 1514 794 1578 Foliole,
809 1525 836 1570 et
858 1515 939 1568 flores
961 1516 1074 1576 minimi,

69 1608 215 1658 minores
231 1622 311 1676 quam
329 1605 356 1656 in
372 1605 392 1656 F
394 1605 494 1674 rogerie
509 1600 629 1656 hortensi
650 1601 807 1658 elbo-rosei.
832 1606 947 1658 Fructus
964 1602 1072 1658 deside·

71 1704 178 1746 ratur.

195 1780 290 1833 Affinis
309 1783 339 1834 lt.
365 1781 493 1842 caninae,
519 1780 595 1852 cujus
618 1780 770 1834 varietatem
785 1780 958 1854 suspieentur
970 1781 1027 1832 lieu
1046 1788 1074 1832 et

75 1870 198 1941 Thory.
221 1869 272 1922 llle
287 1871 326 1942 (p.
343 1867 511 1940 75.)sub1t.
527 1865 664 1938 caninas.
687 1869 868 1922 ramosissimis
890 1869 972 1923 dicit:
1004 1870 1074 1935 „Per

75 1959 161 2014 bane
180 1959 337 2014 varietatem
350 1958 436 2009 Rosee
449 1955 608 2030 eeipbyllae,
626 1967 739 2030 excepto
759 1957 860 2028 celyeis
882 1957 950 2009 tubo
973 1957 1073 2010 ovisor-

77 2051 143 2111 nri,
166 2045 350 2108 simillimam,
378 2047 449 2098 Rosa
471 2045 564 2098 canina
583 2047 695 2099 transire
718 2045 825 2102 videtur
848 2048 877 2100 in
898 2047 996 2098 Rosam
1018 2046 1073 2098 aci·

80 2137 243 2212 phyllflm.“
777 2199 778 2203 Ἰ

188 2225 228 2276 Η.
251 2241 340 2295 prope
359 2219 530 2294 Herbipolim
552 2239 573 2274 s.
596 2220 807 2292 Wirceburgum
829 2223 874 2293 (in
895 2222 1016 2294 Bovario)
1043 2223 1073 2276 in

81 2315 159 2370 colle
173 2330 286 2372 saxoso,
305 2308 486 2368 Hexenltrueh
500 2311 584 2363 dieto.
602 2311 712 2364 Detexit
726 2311 826 2384 (1816.)
842 2311 876 2366 D.
893 2311 989 2383 Ceorg.
1006 2311 1072 2364 Hel·
1102 2325 1105 2332 ’

79 2405 131 2468 ier,
152 2402 232 2456 Med.
247 2399 401 2454 studiosus.
454 2449 459 2462 ,

35 2488 39 2497 '
184 2492 254 2565 lpse
267 2491 298 2541 in
312 2487 452 2540 suburbiis
468 2489 586 2543 Viennae
601 2487 654 2560 legi
675 2489 788 2550 liorem,
813 2486 878 2540 huic
897 2487 1072 2560 persimilem,

79 2581 201 2636 floribus
224 2582 284 2632 lere
308 2575 400 2628 adhue
422 2576 570 2630 minoribus
591 2586 709 2630 saturate
730 2578 830 2639 roseis,
856 2577 906 2630 sed
927 2578 956 2630 in
976 2576 1073 2632 eodem

78 2671 236 2748 specimine
253 2664 342 2721 simul
358 2666 438 2718 etiam
450 2665 563 2737 majores
577 2664 698 2732 ederent,
717 2673 745 2718 et
759 2663 924 2738 pallidiores.
951 2666 983 2720 T.

857 2921 870 2954 μ
