2610 3886
42 315 170 382 ross
188 319 400 395 fastuosa.
426 316 458 376 r.

46 509 82 569 R.
111 503 260 568 urceolis
287 501 458 587 globosis,
488 498 761 586 pedunculisque
787 503 942 570 bracteas
963 509 1029 572 vix'

85 605 324 694 superantibus
349 603 492 689 glabris,
515 604 612 668 caule
633 605 668 667 in
695 607 808 690 prima
828 606 1024 692 juventute,

84 725 117 776 et
143 713 246 775 stiam
271 708 377 772 serius
404 707 495 785 basi,
518 708 762 792 spinosissimo,
786 710 925 776 demum
944 713 1026 776 sub-

84 812 201 892 nudo,
225 810 602 896 aculeis'superioribus
620 813 812 896 geminatis,
834 816 947 892 rectis,
965 817 1025 879 sti·
1049 831 1053 848 '

82 916 270 1002 pularibus,
293 913 417 977 foliolis
436 901 592 998 elliptiois
610 913 748 1000 glabris,
768 915 885 990 subtus
903 917 1026 984 subru-

88 1017 327 1093 bescentibus,
350 1016 502 1102 rugosis,
525 1031 656 1081 remote
675 1018 832 1084 dentatis.
856 1024 891 1085 T.

50 1149 134 1211 Rosa
157 1149 405 1211 cinnamomea.
428 1155 497 1210 ned.
515 1158 579 1210 Ros.
598 1156 619 1213 1.
639 1177 668 1230 p.
690 1163 749 1214 135.
768 1145 793 1210 ὁ.
812 1159 847 1213 is.

144 1334 247 1386 Frutex
261 1327 466 1400 tu5pedalis,
479 1327 585 1398 ¹aculeis
602 1328 684 1381 rectis
706 1328 750 1384 vel
770 1318 947 1385 subaduuois.
972 1333 1027 1386 Fo-

50 1420 110 1476 liols
123 1421 258 1492 oblonga,
275 1436 385 1488 magua,
404 1416 539 1490 elliptica,
558 1418 757 1489 approximata,
776 1419 943 1484 subobtusa‚
961 1422 1030 1474 sim*-

50 1509 156 1580 pliciter
170 1519 199 1564 et
213 1517 316 1561 remote
333 1507 453 1568 dentata,
472 1525 553 1578 supra
566 1513 684 1560 saturata
698 1506 803 1570 viridia,
824 1506 915 1581 glabra
929 1510 1029 1564 subtus

39 1597 83 1656 ¹ud
95 1617 192 1654 nervos
210 1596 406 1671 pubescentia3
426 1593 542 1667 stipulae
557 1593 636 1658 latae,
655 1595 893 1650 inciso-dentatae.
917 1599 1029 1652 Pedun-
1087 1605 1089 1610 '

24 1673 25 1684 ¹
51 1687 103 1740 culi
119 1689 147 1740 in
163 1686 275 1740 ramulis
291 1683 458 1747 lateralibus,
476 1683 591 1737 solitarii
605 1681 649 1736 val
662 1685 770 1753 gemini,
793 1684 954 1749 brevissimi,
973 1690 1029 1742 fers

49 1777 101 1827 toti
122 1774 241 1828 bracteis
264 1773 441 1860 involugrati,
465 1791 545 1844 saepe
567 1771 696 1841 colorati3
723 1772 866 1837 urceolus,
890 1774 1030 1846 globosus,

51 1862 109 1916 basi
123 1873 289 1925 attenuatus,
303 1861 410 1932 glaber,
430 1870 457 1915 et
472 1870 609 1932 segmenta
623 1860 703 1932 longa
721 1879 914 1936 nonuunquam
935 1874 1031 1938 spatu-

50 1951 101 2005 lata
114 1954 157 2010 vel
172 1961 201 2005 et
217 1949 434 2025 appendiculata.
454 1950 546 2004 Patala
566 1968 643 2002 rosea
664 1952 709 2004 vix
730 1953 902 2025 emarginata,
925 1962 1031 2006 satura-

54 2041 105 2096 tius
122 2060 259 2116 purpurea
272 2053 362 2109 ungue
376 2049 403 2093 et
418 2041 536 2110 margine
556 2039 708 2092 albicantia.

142 2129 216 2186 Hah.
231 2131 260 2182 in
277 2128 374 2184 Gallia.
401 2129 463 2183 Non
480 2137 520 2180 est
535 2129 566 2181 R.
586 2131 769 2182 cinnamomea
789 2129 833 2181 De
855 2127 982 2184 Candolli
1003 2139 1032 2185 et

53 2216 149 2284 Soteri,
167 2234 220 2274 neo
234 2220 265 2271 R.
283 2217 397 2290 simplex
412 2215 550 2289 Scopolii,
571 2237 639 2290 quae
654 2216 779 2271 urceolos
802 2225 896 2272 oratos
920 2227 947 2270 et
969 2237 1040 2293 seg--

50 2295 205 2363 montaral.
229 2305 512 2380 glanduloso-bispida
536 2291 626 2359 babet.
655 2307 743 2376 Hujus
763 2306 818 2358 loci
841 2307 912 2359 forte
935 2317 976 2359 est
998 2303 1030 2362 ll.

51 2397 233 2452 cinnamomst
253 2397 427 2450 Loureirouis
447 2399 476 2447 iu
496 2395 524 2448 ss.
540 2394 691 2448 Cocbinoh.
709 2395 731 2446 Ι.
748 2399 808 2466 395.
834 2395 911 2448 Hanc
933 2397 1032 2452 nullibi
1088 2422 1100 2428 ·

52 2484 216 2560 descriptam
230 2487 336 2539 invenio
353 2487 406 2537 nisi
417 2487 536 2558 inopere
551 2487 644 2537 citato.
665 2485 766 2536 Differt
781 2483 833 2536 su.
846 2485 1030 2540 cinnamomes

51 2574 150 2629 foliolis
173 2573 326 2646 quadruplo
348 2573 510 2644 majoribus,
538 2583 639 2626 remote
663 2572 789 2634 dentatis,
808 2587 859 2623 neo
873 2571 932 2626 bosi
947 2591 1030 2645 engu-

53 2665 138 2725 statis,
155 2682 207 2717 uec
226 2665 302 2736 apice
317 2663 479 2724 rotundatis,
498 2662 595 2718 subtus
613 2664 656 2715 vix
674 2659 904 2733 pubescentibus3
923 2661 1031 2735 pedun-

54 2752 118 2806 culis
133 2753 312 2817 brevissimis,
330 2755 397 2806 totis
412 2751 595 2815 involuntatis,
613 2750 731 2804 urceolis
740 2749 799 2802 basi
810 2752 962 2814 attenuatis,
979 2751 1030 2804 sso-

55 2839 126 2896 ribus
139 2841 300 2914 majoribus,
319 2839 482 2916 ramulisque
498 2841 622 2896 lloriieris
638 2839 775 2904 brevibus,
792 2838 957 2910 laterplibus.
977 2841 1011 2895 T.
