2678 3886
1052 319 1111 384 XV

142 487 145 494 '
169 501 234 564 qua
250 477 370 542 differt
389 473 622 561 magnitudine
640 473 794 539 'omnium'
811 475 958 560 partium
974 474 1108 561 majori,

165 618 272 682 odore
288 613 764 691 foliorumterebinthiuaoeo‚
781 614 907 680 foliolis
919 611 1109 690 latioribus,

26 833 28 840 Α
103 829 106 840 y
167 755 483 842 obtusioribusqne‚
500 768 534 820 et
548 721 750 842 praeprimis
766 755 891 838 calycis
908 753 1017 817 iorma
1031 773 1110 838 gra-

169 895 294 973 ciliori,
310 894 473 980 utrinque
490 896 598 980 magis
617 906 799 970 attenuata,
821 891 1018 978 aculeieque
1034 912 1111 956 rec-

160 1034 212 1098 tis.
234 1037 400 1099 Fructum
417 1032 516 1118 hujus
536 1031 690 1098 nondum
707 1031 788 1097 vidi.
802 1055 835 1119 p.
854 1049 904 1098 aa.
928 1036 967 1097 In
986 1031 1111 1096 eodem

162 1193 270 1257 opere
290 1193 325 1255 p.
347 1169 398 1236 61.
418 1170 482 1235 cel.
502 1185 621 1237 auctor
644 1174 732 1236 hano
749 1170 854 1236 refert
879 1171 922 1236 ad
946 1167 1110 1234 familiam

163 1314 201 1374 lt.
218 1309 377 1404 caninae.
398 1309 548 1374 Tandem
558 1333 592 1397 p.
602 1310 653 1376 fid
672 1311 715 1376 de
731 1311 851 1375 eadem
868 1309 952 1374 dicit
963 1293 976 1372 τ’
988 1311 1111 1391 „Eruc-

160 1462 216 1514 tus
238 1447 385 1534 elliptici
406 1450 593 1528 animati,
616 1451 791 1553 coccinei,
814 1448 931 1534 calyce
949 1446 1111 1532 patentis·

164 1589 272 1664 timo,
298 1599 355 1651 aut
383 1585 577 1652 subreflexo
605 1575 763 1655 deciduo.
802 1578 926 1652 nittert'
950 1607 969 1650 a
995 1589 1034 1650 R.
1058 1597 1112 1650 to-

164 1733 326 1792 m'entosa
352 1726 453 1791 etiam
479 1730 561 1793 flore
581 1727 710 1812 majore
733 1741 767 1792 et
782 1726 952 1810 corymbis
970 1743 1112 1810 compo-

165 1866 239 1930 sitis
262 1868 345 1950 (nec
363 1862 621 1931 desunttamen
638 1879 672 1930 et
694 1867 774 1931 huic
798 1865 922 1930 ramuli
938 1863 1111 1945 imiimi),

163 2003 295 2069 aculeis
312 1985 416 2068 fuscis
432 2005 618 2091 majoribus
636 2003 943 2090 validioribusque,
968 2017 1002 2068 et
1020 2001 1112 2084 caly-

164 2163 249 2208 cum
278 2142 430 2228 pinnulis
452 2121 672 2220 lanceolam,
703 2163 791 2228 quae
825 2142 874 2206 ibi
901 2139 1111 2206 tubulatae.“

165 2285 260 2358 linet
288 2295 341 2346 eet
367 2281 488 2348 eadem
516 2284 668 2368 speciei,
691 2303 795 2367 quarn
813 2300 878 2366 ego
896 2281 932 2344 in
952 2281 1059 2344 Tomo
1084 2281 1109 2342 1.

167 2419 301 2504 synodi
324 2421 363 2482 li.
390 2419 656 2487 terebinthinam
680 2419 773 2498 dixi,
803 2433 838 2484 et
861 2440 949 2505 qnae
975 2421 1109 2501 Thoryo
1178 2460 1180 2468 ,

170 2557 264 2643 apud
289 2557 506 2623 Redouteum
529 2562 571 2630 R.
599 2558 720 2625 villosa
748 2554 980 2624 terebinthina
1005 2555 1108 2622 audit.

167 2698 276 2760 Tomo
296 2699 321 2760 1.
342 2695 413 2780 jam
429 2698 596 2782 impresso
614 2719 686 2762 non
703 2699 803 2784 potui
819 2717 947 2762 nomen
965 2709 1109 2770 mutare,

168 2854 237 2896 nec
266 2836 398 2900 Beareri
421 2839 658 2904 auctoritatem
682 2835 820 2905 addere.
857 2837 952 2902 Nunc
971 2832 1110 2899 tandem

169 2985 206 3036 et
222 2973 331 3058 patria
351 2987 385 3040 et
399 2974 528 3042 fructus
540 2977 645 3064 hujus
661 2977 790 3064 speciei
806 2974 942 3044 abunde
958 2969 1110 3058 patefac·
1230 3043 1233 3052 y

1117 3102 1134 3139 ι

168 3110 303 3176 ῑίἐηιιῐζ
325 3115 362 3180 Τ.
480 3130 482 3135 ’

131 3251 169 3312 tt.
189 3273 302 3315 renota
321 3255 383 3318 tm
400 3251 533 3338 (saitem
548 3275 611 3340 pro
627 3275 667 3320 ea
681 3254 785 3322 habet
795 3253 847 3339 ill.
864 3252 1004 3332 steven)
1020 3266 1109 3335 quae

124 3349 133 3360 ι
177 3385 291 3454 differt
305 3409 323 3456 a
335 3391 508 3460 Rtoaniua
521 3391 646 3462 foliolis
663 3394 780 3466 subtus
796 3379 1034 3477 albo-glaucis,
1054 3407 1109 3452 rev
