2678 3886
1008 389 1119 456 XXIII

169 549 410 628 bescentibus,
430 547 556 614 sobolis
568 547 760 635 junioribus
777 546 999 643 rubentibus3
1021 549 1062 630 κ.)
1078 550 1117 610 R.

134 769 136 772 .
170 689 391 754 frondosa
409 685 573 774 glabra.
593 691 704 753 Stcv.
728 691 761 772 (e
778 689 913 771 Tauria)
935 707 1117 772 quaepat-

170 827 300 906 vilolia,
317 825 445 891 foliolis
462 825 648 904 biserratis,
669 824 807 911 petiolis
823 825 996 903 aculeatis,
1018 824 1118 909 glan-

151 939 152 946 i
170 964 313 1044 dulosis,
328 964 562 1052 foliorumque
574 979 668 1033 costa
682 980 716 1030 et
729 965 825 1029 venis
837 963 1116 1051 pubescentibus,

168 1102 378 1190 pedunculis
401 1103 603 1183 subsetosis,
627 1104 800 1189 calycibus
816 1103 1117 1190 praecedentium,

171 1241 270 1325 stylis
287 1241 473 1326 villosulis,
490 1243 603 1308 fructu
619 1258 731 1308 ovato.
755 1250 840 1310 Cum
859 1245 922 1306 bac
937 1214 1001 1327 pro
1020 1241 1118 1305 iden-

168 1380 240 1446 tica
259 1379 366 1446 habui
383 1383 432 1467 λ.)
451 1379 552 1446 aliam
570 1381 614 1444 ad
630 1381 950 1467 Hypanim'lectam,
974 1380 1025 1444 illi
1042 1381 1119 1466 qui-

169 1515 254 1584 dein
273 1519 437 1597 similem,
460 1519 521 1584 sed
542 1517 736 1606 cui'petioli
752 1520 864 1614 glabri
884 1520 1041 1597 aculeati,
1063 1542 1120 1584 re-

157 1655 392 1745 ceptaculum
411 1656 486 1722 basi
502 1670 724 1760 attenuatum,
750 1651 992 1746 styli'elcngati
1006 1657 1120 1736 liberi,

172 1796 336 1865 villosuli.
360 1801 452 1862 llaec
469 1796 584 1864 forsan
599 1819 679 1862 suae
697 1800 844 1884 speciei:
868 1812 902 1862 at
913 1799 1121 1886 paucissima

168 1934 286 2002 solum
310 1937 500 2034 specimina
517 1935 618 2022 hujus
635 1935 716 2002 vidi.
741 1940 787 2022 μ.)
806 1936 932 2002 foliolis
950 1937 1120 2023 elliptico-

170 2050 417 2154 subrotundis,
439 2075 634 2152 biserratis,
665 2076 826 2161 utrinque
851 2074 1121 2162 pubescentibus

172 2225 209 2278 et
230 2211 415 2292 aculeatis,
448 2175 652 2300 pedunculis
676 2227 710 2277 et
732 2213 872 2280 floribus
892 2213 1034 2278 omnino
1050 2232 1123 2278 var.

170 2387 201 2432 γ,
224 2351 323 2437 stylis
346 2350 486 2417 villosis.
522 2355 547 2417 E
568 2350 708 2418 Podolia
729 2351 868 2418 australi
889 2351 1121 2417 Andrzcwsci.

165 2514 204 2579 p.
227 2491 365 2568 ὅδε-64.
419 2480 422 2485 ’

218 2634 258 2695 In
280 2633 448 2695 Rosarum
477 2628 657 2714 speciebus
684 2628 941 2710 discernendis,
970 2631 1121 2714 ingenue

130 2772 269 2847 fateor,
294 2768 371 2832 idea
390 2789 445 2834 me
469 2765 585 2866 fluxit,
610 2767 702 2854 quod
724 2789 795 2834 non
811 2769 915 2834 modo
937 2768 1121 2845 inlicitis,

126 2906 196 2973 sed
219 2920 253 2971 et
279 2907 316 2999 in
340 2873 414 2991 ipsa
428 2873 543 2969 libera
562 2919 682 2972 natura
704 2907 747 2971 de
771 2907 826 2973 die
845 2908 881 2971 in
903 2907 996 2972 diem
1015 2878 1122 2990 auge-

127 3058 233 3112 antur
255 3023 500 3129 ¹degenerando
524 3067 588 3131 per
612 3045 854 3128 hybriditates,
880 3043 1120 3110 translccatio-

123 3207 192 3250 nes
210 3197 246 3247 et
264 3182 376 3271 nisum
398 3205 417 3246 a
436 3159 577 3248 Summo
599 3188 758 3250 creatore
778 3183 937 3250 omnibus
955 3183 1120 3279 creaturis

8 3307 9 3392 ζ
125 3320 290 3401 inditum,
313 3321 472 3428 omnibus
490 3311 691 3402 rationibus,
712 3338 748 3388 et
763 3325 827 3390 viis
843 3322 908 3388 sibi
922 3319 1121 3410 patentibus

8 3459 9 3536 ἶ
121 3465 160 3528 iu
195 3474 320 3528 statum
349 3461 530 3530 meliorem
563 3475 597 3528 et
626 3461 781 3532 altIcrem
812 3483 885 3527 sese
915 3457 1116 3532 extollendi.

758 3565 822 3630 *ἢ
