2610 3886
67 196 211 261 ROSA
233 185 396 259 mettica.
418 195 573 259 Mitlter.

817 289 824 326 ι
938 297 941 304 i

70 388 110 449 R.
133 381 285 448 urceolis
302 361 652 469 depresso-globosis,
675 382 948 470 pedunculisque
962 384 1063 453 brec-

114 499 190 550 teas
223 486 472 550 excedentibus
497 486 641 569 glabris,
673 487 812 552 floribus
837 487 1060 556 subsolitariis

110 590 246 676 parvis,
268 586 390 672 petalis
403 589 610 666 rotundatis,
632 588 764 674 stipulis
783 591 1058 658 ovato-lanceo-

114 693 216 770 latis‚
240 690 451 768 convolutis,
471 693 627 768 serratis3
650 690 776 788 foliolis
800 696 931 778 magnis
956 696 1057 761 obtu-
1155 772 1157 788 1

113 792 295 870 siusculis‚
319 791 473 874 obsolete
499 795 660 870 dentatis3
684 794 781 858 caule
797 795 994 863 subinermi.
1019 804 1054 865 T.

67 925 159 987 Rosa
182 919 321 984 mutica.
343 932 421 985 Mun.
435 933 463 984 in
477 931 661 990 Ft.Dsn.1v.
676 935 739 991 688.

164 1104 259 1163 Caulis
281 1105 439 1164 senticosus,
457 1102 558 1157 aculeis
573 1106 640 1158 rsris
654 1106 803 1177 geminetis,
818 1109 909 1171 rectis,
925 1110 1053 1175 caducis,

68 1197 149 1248 ramis
175 1194 305 1266 foliisque
324 1193 457 1245 flaccidis.
490 1191 565 1243 Folia
587 1193 716 1265 quaedem
740 1195 897 1267 longissime
923 1199 1055 1270 petiolata

68 1285 211 1355 2-3juga‚
224 1282 336 1355 petiolis
351 1281 450 1352 glabris
464 1281 621 1334 inermibus.
639 1283 743 1336 Foliola
762 1301 855 1357 inagna
871 1285 1057 1360 lateelliptica

65 1373 109 1428 vel
125 1372 253 1433 eborata,
272 1369 391 1443 aeqalia,
412 1369 558 1435 distantia,
577 1369 702 1423 obsolete
718 1370 826 1426 dentata
846 1374 1055 1442 vel'serrulata,

67 1478 182 1531 rugosa,
216 1457 314 1512 subtus
345 1459 438 1530 glauca
468 1460 659 1531 (pubescentia
669 1461 699 1526 ἓ)
720 1460 872 1514 Peduueuli
899 1465 1054 1520 terminales

65 1549 180 1611 breves,
200 1543 325 1602 bracteas
341 1547 450 1621 stipulis
466 1549 618 1601 conformes
632 1565 726 1619 parum
748 1550 917 1604 excedentes.
938 1552 1060 1626 Sepalae'

68 1640 187 1710 margine
207 1645 393 1701 tumulosus,
412 1637 609 1708 integerrimae,
622 1637 650 1688 in
664 1637 761 1706 longos
781 1636 923 1708 mucrbues
936 1643 1054 1716 subspa-

67 1726 169 1780 tulatos
192 1726 353 1800 productae,
381 1723 490 1778 Corossa
511 1743 608 1800 parva,
634 1725 736 1798 pallide
757 1745 850 1788 rosea,
870 1730 969 1800 petalis
981 1746 1052 1784 'cun-

67 1817 153 1878 cavis,
174 1813 348 1878 rotundatis,
365 1831 420 1866 non
438 1815 616 1886 emarginatis.
635 1817 752 1866 Fructus
773 1817 896 1868 nondum
917 1819 1052 1890 cognitus.

164 1902 237 1956 th.
252 1901 287 1955 ad
303 1901 396 1954 littora
420 1899 611 1956 drobakiensia
626 1905 654 1955 in
672 1902 767 1956 Danie.
788 1905 886 1960 Affinis,
903 1906 932 1958 R.
948 1908 1053 1961 fastuo-

66 2010 125 2061 sae,
147 2011 162 2044 a
177 2007 230 2061 qua
246 1983 337 2044 temen
353 1990 445 2042 diflert
460 1989 572 2044 floribus
590 1991 672 2063 triplo
696 1992 846 2047 minoribus
854 2031 864 2056 ,
883 1995 955 2047 foliis
973 1996 1053 2067 louge

65 2079 216 2152 petiolatis‚
230 2079 333 2132 foliolis
347 2060 494 2150 mejoiibus
513 2078 666 2142 latioribus,
686 2087 832 2154 praecipue
852 2101 914 2136 vero
934 2082 1052 2137 bracteis

67 2170 234 2222 acuminatis.
255 2169 398 2241 Descripsl
412 2166 481 2220 banc
497 2167 615 2239 plantam
631 2169 665 2220 ad
683 2170 789 2223 iconem
807 2172 900 2224 Florae
921 2170 1050 2236 danicae,

66 2265 219 2312 ceterorum
240 2257 359 2321 inscius,
386 2275 454 2329 quae
478 2257 675 2310 desiderantur.
695 2258 766 2322 Sed,
786 2262 840 2313 nisi
864 2262 927 2311 icon
941 2261 1052 2333 penitus

64 2345 177 2411 vitiosa,
197 2346 303 2418 species
318 2354 360 2397 est
380 2343 586 2398 distinctissime
593 2381 601 2409 ‚
620 2345 654 2398 ab
668 2346 708 2398 ill.
728 2348 861 2418 Lindleyo
884 2367 933 2419 pro
949 2349 980 2405 u.
994 2366 1051 2401 ma-

64 2432 123 2503 jalis
146 2434 298 2506 Syuonirno
321 2433 467 2490 declarata.
488 2440 526 2504 (v.
546 2434 637 2488 Lindl.
656 2436 719 2488 Ros.
735 2457 763 2507 p.
777 2443 821 2498 54.
836 2455 880 2488 uo.
898 2438 955 2506 22.)
979 2435 1050 2490 Sane

65 2523 95 2574 u.
110 2523 215 2593 mejalis
232 2521 324 2579 Lindi.
340 2531 383 2575 est
397 2531 500 2586 nostra,
518 2522 568 2575 sed
590 2532 618 2575 et
639 2523 758 2594 ejusdem
778 2526 809 2576 u.
833 2527 1017 2577 cinnamomea
1035 2544 1052 2577 a

65 2613 197 2664 nostrati.
210 2609 301 2682 majali
315 2627 370 2664 non
383 2610 484 2664 diflert.
504 2613 634 2686 Praesens
648 2621 737 2676 autem
752 2615 784 2667 R.
800 2615 901 2668 mutius
916 2613 949 2667 ab
965 2615 1048 2669 utris·

65 2716 115 2770 que
130 2700 215 2772 magis
232 2699 324 2754 differt
339 2718 419 2774 quam
435 2700 492 2760 all,
508 2702 635 2754 fastuosa.
650 2702 684 2759 Τ.
