2610 3886
102 341 236 404 Rosa
264 341 470 404 soranos.
500 300 557 402 rs

101 532 137 592 R.
159 526 308 592 urceolis
327 525 487 610 globosis,
510 524 640 587 laciniis
656 523 1082 612 pedunculisqueglabrir;

142 631 284 696 floribus
316 627 489 705 solitariis3
522 627 650 708 foliolis¹
681 627 830 712 oblongo
848 667 865 678 -
883 627 1081 692 lanceolatis

145 732 347 817 simpliciter
365 733 510 809 serratis,
534 729 660 796 aculeis
675 751 847 826 femorum
859 733 998 816 sparsis,
1022 729 1083 793 de-

107 849 108 852 ’
143 829 264 900 ciduis.
289 839 323 898 T.

106 938 194 1028 Rosa
216 939 355 1026 hldnda.
379 968 469 1024 Liudl.
488 973 552 1029 Ros.
570 989 614 1024 no.
635 971 678 1027 ab.
698 969 764 1024 exal.
787 969 890 1042 Syuon.

202 1147 280 1201 Rani
289 1147 381 1198 armati
390 1142 617 1214 aculeissetisque
629 1142 739 1214 sparsis,
754 1141 874 1214 pallidis,
888 1141 1085 1214 inaequalibus,

111 1238 253 1298 deciduis,
277 1235 388 1288 strictis,
413 1231 488 1284 Folia
505 1249 607 1304 opaca3
634 1228 749 1302 stipulae
770 1230 897 1283 dilatatae
911 1227 926 1293 ,’
938 1230 1089 1312 ellipticae,

111 1327 186 1398 apice
202 1322 379 1386 redundatia,
398 1320 672 1391 glanduliskoiliatan
691 1319 787 1389 petioli
804 1321 935 1381 inermes,
953 1328 1089 1372 tomento·

109 1415 148 1482 si;
167 1412 266 1469 foliola,
276 1416 355 1482 5-7,
368 1409 526 1466 lanceolata,
548 1408 704 1478 plerumque
720 1405 845 1477 oblonga,
859 1409 1019 1481 simpliciter
1032 1425 1090 1460 aer·

110 1503 181 1570 rata,
209 1515 291 1573 supra
312 1497 420 1568 glabra,
446 1495 542 1550 subtus
564 1495 598 1548 ad
620 1515 716 1549 nervos
740 1497 902 1570 principales
929 1506 1088 1550 tomentosa.

110 1591 203 1643 Flores
224 1589 330 1658 magni,
348 1585 440 1648 nibai,
459 1585 586 1637 solitarii:
613 1581 762 1655 pedunculi
784 1594 812 1638 et
832 1585 937 1656 calyces
958 1588 1089 1638 inermes:

110 1677 236 1732 urceolus
252 1675 397 1746 globos11a3
421 1673 509 1745 sepala
529 1681 619 1734 ovata,
640 1673 805 1737 acuminata,
823 1676 937 1743 integra.

207 1763 278 1818 llab.
295 1762 330 1816 ad
344 1763 436 1815 littora
457 1761 636 1814 occidentalia
654 1763 792 1814 Americae
812 1761 1030 1834 septentrionalis
1054 1760 1089 1814 ad

112 1857 199 1908 sinum
213 1852 364 1914 lludaonis‚
383 1851 477 1904 lectae
491 1851 639 1904 Munziesio
656 1859 683 1902 et
697 1851 821 1902 Ranlsio.

207 1943 240 1994 ln
255 1941 367 1994 Musaeo
383 1938 531 1992 Banlsiano
547 1941 639 1992 existit
652 1940 789 2011 specimen
806 1940 908 1991 siccum
923 1937 1089 2012 liujusplan·
1187 1999 1188 2002 Ἴ

110 2040 160 2082 tae.
179 2032 228 2084 Dr.
243 2028 376 2082 Solander
391 2029 432 2096 (in
446 2027 529 2079 Mser.
545 2026 664 2080 Londini
681 2029 850 2094 conservato)
866 2026 934 2080 hano
956 2035 987 2080 ut
1001 2028 1087 2080 varie-

108 2128 192 2170 tatem
218 2119 250 2170 R.
265 2136 328 2170 suae
350 2115 464 2169 blandae
485 2115 667 2170 adnotaverat.
690 2115 757 2172 Cell.
777 2114 910 2186 Lindley,
928 2117 979 2168 etsi
1001 2135 1090 2180 veram

107 2206 161 2260 boo
178 2208 242 2260 loeo
259 2207 439 2275 consignatam
458 2207 487 2258 R.
505 2203 632 2259 blandam
648 2224 699 2278 pro
715 2204 764 2258 tali
778 2213 914 2275 agnoscat,
931 2214 1021 2258 tamen
1036 2224 1089 2278 pu-

110 2305 165 2360 tat,
200 2315 215 2349 a
243 2294 366 2368 plurimis
395 2295 486 2366 potius
513 2305 541 2348 et
560 2294 594 2348 ab
616 2288 678 2366 ipa'o
705 2295 813 2346 Aitonio
836 2301 864 2346 et
890 2293 1087 2349 Willdenowio

108 2391 278 2457 praesentem
299 2383 418 2454 speciem
438 2401 489 2456 pro
504 2383 535 2436 ll.
558 2382 656 2437 blanda
676 2381 796 2435 habitam
811 2383 904 2434 luisse.
928 2381 985 2436 Sed
1002 2381 1089 2437 Will-

111 2473 249 2526 denowius
265 2480 338 2523 certe
352 2472 383 2526 ll.
399 2470 527 2525 blandam
539 2491 631 2527 veram
643 2469 793 2533 intellexit,
820 2471 918 2543 reliqui
938 2473 1031 2545 potius
1056 2473 1087 2524 fl.

109 2561 245 2614 Iledoutei
265 2559 308 2616 vel
329 2561 361 2612 lt.
383 2560 580 2613 nirtdamcum
600 2561 631 2613 R.
652 2559 752 2614 blanda
776 2567 989 2617 oomntaverunt.
1021 2559 1090 2613 Cell.

110 2648 229 2720 Lindley
251 2667 307 2701 non
330 2647 438 2702 dubitat
452 2647 486 2702 de
511 2650 652 2702 existentia
671 2649 822 2721 praesentis
843 2649 946 2718 speciei
962 2648 990 2700 in
1003 2646 1091 2702 bortis
1160 2677 1167 2684 ·

111 2738 240 2812 anglicis:
262 2735 312 2789 sed
326 2738 435 2798 latetur,
447 2755 482 2822 'se
495 2755 632 2810 nunquam
646 2734 734 2790 adhue
756 2738 841 2791 vivam
855 2735 965 2789 vidisse.
985 2737 1025 2788 Eo
1038 2739 1089 2796 mi-

111 2845 162 2880 nus
180 2835 267 2878 antem
291 2826 443 2878 consentire
459 2826 561 2889 audeo,
590 2826 614 2878 si
626 2825 658 2884 lt.
676 2824 883 2886 fraxinifoliam,
909 2833 1005 2896 utputa
1028 2843 1092 2897 spe·

114 2917 184 2968 dem
200 2933 357 2986 europaeam
378 2924 405 2967 et
418 2915 594 2984 germanicam
608 2933 659 2988 pro
680 2913 828 2986 Synonimo
851 2914 882 2970 ll.
905 2911 1019 2965 blandae
1040 2912 1089 2966 de·

113 3003 205 3058 clarat.
220 3023 244 3058 v.
264 3005 294 3056 ll.
310 3002 445 3066 blandam,
460 3004 495 3056 it.
511 3001 645 3058 Redoutei
664 3012 691 3056 et
703 3004 734 3056 R.
750 3000 945 3058 fraxinisoliam.
963 3001 996 3054 Τ.

526 3493 558 3555 S.
582 3493 622 3555 ΙΙ.
648 3515 695 3579 ¹9·
727 3533 733 3545 ·
