2678 3886
110 339 259 408 Rosa
283 341 537 405 solstitia'lis
558 345 709 406 Besser.

106 551 148 612 R.
175 543 343 610 fructibus
365 547 481 622 ovatis,
504 545 774 632 pedunculisque
796 546 940 632 glabris,
964 549 1092 613 aculeis

152 647 373 734 stipularibus
392 649 544 727 aduncis,
561 648 685 713 foliolis
695 643 812 728 ovaiis,
832 651 1093 742 subtustonren-

145 753 244 816 tosis.
276 756 402 816 Bessos.

108 883 205 944 Rosa
228 877 419 954 solstitialis.
441 890 516 944 Bess.
532 892 612 950 Prina,
626 890 653 944 ss.
671 890 742 951 Gall.
755 891 778 949 l.
792 871 1090 972 ssl.‘set1ula.0esaer.

143 984 187 1036 ΕΙ.
205 982 247 1034 ed.
263 999 287 1036 2.
303 983 337 1034 ll.
353 986 394 1052 75.

217 1163 315 1212 Frater
333 1169 348 1220 4
366 1143 479 1230 nadalia.
498 1153 591 1210 Aculei
605 1153 802 1230 snbstipulares
819 1164 921 1220 1-4,
938 1156 998 1217 basi
1022 1157 1092 1212 dila-

100 1251 162 1312 tati,
183 1251 316 1310 uncinati,
340 1254 576 1319 purpurascentes.
598 1244 675 1297 liami
687 1243 860 1309 subdianoni,
873 1243 979 1310 alterni,
994 1258 1092 1319 paten-

98 1346 152 1400 tes,
171 1338 297 1391 flexuosi.
333 1335 457 1407 Stipulae
472 1333 626 1402 serrulatae,
645 1335 788 1392 serraturis
808 1352 890 1406 aaepe
914 1334 1091 1406 glanduloais,

98 1427 297 1500 pubescentes
329 1424 429 1478 Petioli
442 1423 598 1485 tomentosi,
616 1423 740 1485 iiaerrnea,
758 1440 817 1475 raro
835 1422 930 1476 aculeo
948 1442 1003 1476 uno
1022 1425 1092 1478 alte·

100 1535 167 1570 rore
189 1516 293 1567 armati.
325 1511 459 1588 Foliola7
480 1513 635 1577 late-orata,
654 1512 814 1574 acuminata,
831 1521 878 1564 ant
894 1511 1090 1584 elliptica,.oh-
1115 1565 1116 1572 ,

100 1614 173 1668 tusa,
198 1622 280 1676 saepe
298 1599 462 1676 simpliciter
477 1609 587 1664 serrata,
606 1617 687 1674 supra
706 1599 886 1662 nadinaeula,
909 1605 1029 1675 exceptis
1046 1604 1091 1674 ja·

101 1693 242 1754 niorilrus,
256 1691 353 1744 subtus
371 1691 727 1743 eineraacenti·tomentosa.
750 1689 877 1744 Bracteae
891 1691 994 1765 amplae
1008 1712 1091 1766 saepo

102 1782 202 1836 ioliaslo
223 1782 303 1832 arnico
317 1779 360 1834 vel
377 1787 482 1831 ternato
498 1776 773 1834 anctae0Pednnenli
785 1779 954 1843 terminales,
974 1781 1091 1836 solitarii

103 1872 245 1923 rarissime
258 1868 336 1932 bini,
352 1867 395 1922 rel
409 1876 476 1930 tres,
491 1866 713 1938 semipollicarea,
726 1865 888 1936 glaberrinai,
909 1870 982 1922 sicut
996 1879 1024 1922 et
1042 1890 1091 1924 nr·

105 1958 202 2012 ceolna
219 1966 324 2017 ovatus,
346 1955 556 2028 glancesoentea.
579 1955 706 2008 Laciniae
720 1971 736 2010 a
748 1957 857 2028 saepius
870 1959 1012 2030 pinnatae,
1030 1979 1090 2012 om-

104 2067 152 2100 nes
171 2047 322 2118 elongatae,
344 2047 420 2118 apice
435 2043 570 2106 dilatatae,
588 2045 662 2096 intua
680 2052 708 2097 et
730 2046 849 2116 margine
862 2045 1091 2100 albo-tomento-

105 2156 159 2200 sae,
180 2145 302 2188 ceteram
314 2151 413 2188 versus
429 2131 516 2186 basim
531 2130 719 2192 nudiusculae.
737 2135 854 2187 Fructus
873 2143 982 2199 ovatus,
997 2137 1089 2189 cocci·
1115 2138 1117 2142 ’

106 2243 184 2288 neus,
205 2223 306 2295 glaber.

215 2311 285 2365 Hab.
299 2309 418 2382 Leopoli
434 2319 462 2362 et
475 2310 624 2365 cracoviae
641 2308 670 2362 in
691 2309 804 2384 sepibus
825 2295 1006 2367 et,fmtioeti⁸
1027 2335 1090 2372 cuna

105 2400 315 2473 congeneribus.
336 2399 428 2453 Floret
441 2400 532 2463 Junio,
545 2397 628 2451 sulio.
654 2399 756 2452 liabitas
771 2399 802 2454 lt.
820 2403 929 2456 caninae
944 2402 1088 2458 simillima.

214 2489 355 2542 illustriss.
370 2489 402 2540 L.
417 2485 446 2538 Β.
460 2485 634 2540 Marschalla
650 2485 817 2541 Bieberstein
833 2490 871 2556 (in
886 2491 925 2544 Fl.
939 2502 1008 2552 aaut,
1025 2514 1091 2547 can·

107 2598 160 2631 aaa.
182 2578 235 2631 111.
252 2596 279 2649 p.
293 2579 367 2648 550.)
383 2574 451 2629 hanc
466 2595 526 2628 cuna
545 2577 576 2628 R.
593 2594 641 2627 sua
658 2578 753 2628 canina
773 2565 940 2647 (definitione
953 2589 1090 2656 persersa)

107 2667 260 2738 conjungit.
280 2664 336 2718 Sed
350 2663 431 2717 nobis
444 2665 537 2737 potins
553 2666 639 2736 ipsius
652 2665 684 2718 lt.
699 2664 798 2718 collina
811 2665 859 2718 illa
871 2667 976 2741 Besseri
992 2672 1023 2722 li.
1032 2672 1089 2724 sol·

107 2755 229 2818 stitialis,
248 2761 276 2806 et
290 2772 345 2806 non
361 2755 392 2806 R.
410 2753 509 2806 collina
521 2754 648 2826 Jacqnini
661 2771 720 2806 esse
734 2754 850 2810 videtur.
867 2757 967 2812 Affines
980 2761 1090 2816 interim

106 2853 171 2897 aunt
186 2829 285 2916 procul
302 2841 395 2895 dubio.
420 2843 453 2894 T.
658 2895 660 2900 ,

214 2931 247 2984 ln
265 2930 316 2982 En.
338 2929 377 3003 pl.
400 2928 518 3001 Volhyai.
541 2939 569 2982 et
589 2928 656 2982 Pod.
678 2950 706 3003 p.
727 2931 770 2986 63.
784 2930 834 2985 cel.
855 2929 952 2990 Besser
965 2955 1041 2991 anana
1055 2939 1087 2991 R.

108 3018 282 3074 solstitialem
302 3029 352 3092 p'ro
367 3021 495 3073 varietate
511 3017 527 3068 ὁ
541 3019 573 3071 R.
589 3007 702 3072 collinae
717 3019 843 3074 declarat.
863 3023 919 3077 Sed
932 3026 1012 3078 nimis
1032 3047 1090 3079 am-

107 3107 183 3181 bigui
200 3116 265 3161 sunt
279 3107 378 3180 limites
393 3107 464 3160 inter
485 3108 594 3181 species
618 3116 645 3160 et
664 3110 807 3162 varietates
829 3111 974 3166 Rosaruml
1000 3115 1089 3168 Nobis
1120 3112 1123 3122 '

109 3198 216 3252 videtur
230 3199 262 3249 li.
278 3195 430 3250 solstitialis
449 3197 477 3250 in
496 3194 591 3248 eodem
606 3214 687 3248 sensu
710 3200 815 3270 species
837 3219 911 3265 esse,
929 3203 958 3254 in
980 3220 1033 3274 qno
1056 3203 1088 3256 n.

110 3276 254 3360 fastigiata,
268 3284 413 3348 uncinella,
428 3282 560 3359 calycina,
575 3283 708 3349 saxatilis,
728 3285 860 3351 dumalis,
881 3289 1047 3364 pailophylla
1062 3301 1090 3345 et

110 3374 200 3447 plnres
216 3373 286 3428 aliae
300 3393 350 3448 pro
366 3371 467 3427 talibas
483 3372 613 3428 declarari
628 3385 832 3434 consueverunt.
859 3377 892 3436 T.
939 3421 943 3430 .

155 3523 200 3567 ao.
539 3501 571 3562 S.
602 3501 641 3561 ll.
672 3515 701 3566 2.
