2650 3886
113 316 241 380 Rosa
263 317 710 409 spinosissimadacq.

36 457 41 476 ’
113 442 148 508 R.
170 439 307 503 urceolo
323 439 691 526 turbinato-globoso,
714 446 916 530 pedunculis
945 439 1082 534 glabris,

150 525 351 610 hispidisve,
373 524 497 590 foliolis
521 531 627 593 oratis
651 531 848 610 inermibus,
870 533 1006 618 glabris,
1029 559 1082 600 ar-

152 625 229 696 gute
255 611 679 696 subduplicato-serratis,
702 617 819 682 subtus
836 619 1083 702 pallidioribus,

151 699 251 760 ramis
269 697 460 782 junioribus
480 699 756 780 aculeatissimis,
777 704 916 770 ramulis
934 708 1085 792 hispido·

155 783 332 860 aculeatis,
355 783 520 848 fructibus
542 786 678 852 demum
700 788 789 852 atris.
813 793 848 852 Τ.

116 915 201 975 Rosa
234 911 476 997 spinosissima.
514 927 591 996 Jacq.
620 926 746 978 Enumer.
777 927 855 982 vind,
874 947 901 999 p.
924 928 967 998 89.
990 928 1084 996 Eiusd.

147 999 249 1070 Fragm.
265 998 323 1054 bot,
339 1017 366 1070 p.
384 1018 425 1070 79.
439 1005 459 1048 t.
476 1006 533 1060 aad,
547 996 822 1074 §choltesoest.F1.
840 997 882 1050 ed.
899 1013 926 1051 2.
942 1001 976 1052 11.
995 1002 1039 1054 68.

208 1107 308 1156 Frutex
323 1121 338 1158 2
352 1134 387 1144 —
401 1102 539 1175 dpedalis,
558 1123 686 1167 ramosus,
706 1105 830 1159 diffusus.
856 1103 953 1159 Carales
967 1101 1085 1174 juniores

115 1177 471 1248 cinereo-purpurascentes,
486 1175 685 1238 aculeatissirni,
702 1179 820 1229 seniores
834 1178 1026 1246 nigrescentes,
1044 1179 1086 1228 in·

117 1267 204 1301 ermes.
223 1247 331 1300 Remuli
345 1245 444 1298 novelli
460 1255 487 1297 et
501 1245 610 1306 virides,
629 1248 688 1304 iere,
704 1267 797 1300 omnes
812 1251 964 1300 summitate
986 1247 1086 1299 anille·

114 1320 144 1383 ri,
165 1337 223 1371 raro
238 1318 339 1369 billorl.
358 1315 452 1370 Acrrlei
466 1337 496 1368 ex
509 1317 569 1369 basi
585 1317 645 1379 lata,
664 1319 734 1370 ovali
748 1321 878 1380 oriuntur,
898 1317 1087 1381 horizontales,

114 1387 245 1452 subulati,
267 1387 433 1448 sentinaculi,
459 1397 618 1458 pungentes,
636 1392 857 1452 numerosissimi,
875 1392 1027 1462 ferruginei,
1045 1392 1087 1442 iu-

114 1461 243 1530 aequales.
265 1458 340 1512 Folia
355 1460 508 1530 3-5juga,
525 1459 852 1545 foliolishsubaequalibus
866 1461 1024 1514 brevissime
1038 1481 1087 1532 pe·

113 1533 221 1593 tiolatis,
240 1529 398 1592 inermibus,
417 1531 525 1600 glabris,
541 1529 771 1604 oblongo-oratis,
790 1531 922 1595 eboratis,
936 1533 1089 1604 spatulatis,

113 1606 287 1663 truncatisve,
303 1621 364 1655 raro
379 1605 473 1664 acutis,
493 1611 584 1674 argute
599 1605 717 1666 serratis,
735 1603 798 1676 plus
820 1606 907 1656 miuus
927 1605 1088 1658 semiuncia·

114 1673 191 1726 libus.
213 1673 339 1744 Stipulae
354 1674 471 1743 margine
486 1671 692 1736 subserrulatae,
709 1672 842 1746 glandulis
856 1675 1026 1744 pedicellatis
1049 1676 1089 1726 ci·

114 1745 199 1798 lictae.
220 1743 318 1797 Petioli
333 1743 396 1816 plus
411 1745 499 1795 minus
513 1745 636 1807 aculeati,
652 1746 694 1798 vel
712 1745 890 1814 glanduloso·
900 1746 1011 1818 hispidi.
1037 1747 1090 1798 Pe-

115 1816 224 1868 dunculi
239 1815 411 1876 terminales,
429 1815 558 1877 solitarii,
577 1817 693 1878 unillcri,
713 1816 840 1878 unciales,
857 1818 1041 1885 centematosi,
1062 1818 1091 1868 in

115 1888 192 1940 cultis
208 1905 291 1958 saepe
307 1885 400 1954 glabri.
431 1885 564 1940 Urceolus
580 1887 778 1956 subglobosus,
795 1887 902 1958 glaber;
930 1888 1030 1956 calycis
1051 1887 1090 1939 lu·

115 1961 196 2011 ciuiae
211 1959 410 2026 integerrimae,
429 1955 551 2026 glabrae,
569 1959 686 2020 virides,
711 1957 813 2010 corrilla
834 1959 919 2012 multo
942 1958 1089 2011 breviores.

114 2029 203 2082 Floras
223 2029 340 2088 maximi,
360 2047 391 2078 ex
406 2025 468 2078 albo
483 2029 646 2091 llavicautes,
664 2031 778 2082 seriores
793 2049 873 2102 saepe
896 2031 1003 2100 penitus
1025 2028 1089 2089 albi,

114 2101 166 2154 mel
180 2099 346 2153 redolentes.
367 2100 483 2150 Fructus
498 2099 612 2168 globosi,
630 2099 672 2152 vel
690 2111 717 2166 et
732 2100 830 2162 orales,
853 2109 881 2151 et
894 2099 1012 2160 obovati,
1034 2099 1091 2171 gla-

113 2171 156 2225 bri
170 2171 266 2229 nitidi,
284 2171 362 2220 initio
377 2172 515 2241 purpurei,
535 2168 641 2222 demum
658 2173 717 2233 atri,
736 2170 807 2224 eollo
826 2172 974 2230 constricti,
1001 2173 1034 2222 T.

209 2239 283 2295 Hah„
307 2242 335 2291 in
357 2241 463 2292 Austris
484 2239 518 2292 ad
540 2243 674 2294 vinearum
693 2244 841 2314 margines,
860 2242 1003 2314 praecipue
1020 2241 1091 2294 eirca

114 2309 416 2382 claustroneoburgum.
445 2313 466 2362 Α
488 2314 519 2366 R.
540 2312 634 2364 altaica
657 2313 748 2365 diflert
767 2321 872 2365 tantum
895 2312 971 2364 carde
988 2315 1091 2366 cinera-

113 2394 369 2455 scente·purpureo,
389 2381 489 2434 aculeis
504 2384 671 2452 ferrugineis,
690 2385 791 2436 foliolis
807 2381 943 2455 plerisque
957 2382 1092 2452 oblongis,

114 2457 222 2528 stipulis
239 2454 322 2523 triplo
337 2453 499 2522 majoribus,
525 2462 552 2505 et
565 2454 681 2506 urceolis
704 2455 892 2526 fructibusque
913 2455 974 2508 basi
992 2457 1020 2507 in
1043 2475 1092 2525 pe-

115 2527 264 2580 dunculum
280 2525 431 2594 attenuatis.
458 2525 531 2576 Haec
546 2534 638 2577 nostra
653 2545 708 2577 uon
723 2535 764 2578 est
778 2527 809 2577 R.
826 2527 1010 2597 spinosissimi
1028 2527 1092 2578 Lin-

113 2602 170 2656 uei,
191 2597 243 2662 sed
265 2597 400 2666 lacquiui.
424 2597 454 2650 R.
479 2598 665 2668 spinosissima
682 2597 778 2649 Lianei
794 2605 836 2648 est
850 2599 880 2660 R,
900 2599 1091 2652 cinnamomea.

114 2670 180 2738 (vid.
204 2667 321 2722 Observ.
346 2665 380 2718 ad
402 2668 432 2718 R.
449 2667 699 2734 pimpinelliloliam.
713 2665 805 2720 Jahrb.
821 2667 849 2725 d.
863 2667 936 2720 Gew.
951 2669 972 2723 1.
988 2669 1053 2724 fasc,
1067 2685 1092 2722 2.

114 2763 140 2814 p.
159 2743 219 2812 90.)
240 2757 329 2810 neque
344 2737 459 2790 lllarsch.
479 2737 552 2790 Bieb.
576 2739 647 2790 Rosa
667 2739 852 2805 spinosissimas
872 2748 990 2790 nostram
1013 2735 1094 2791 adae·

113 2832 193 2882 quare
209 2807 328 2862 videtur.
347 2809 487 2862 Innumera
503 2807 648 2870 cellliaul,
661 2809 801 2873 Woodsii,
819 2808 945 2876 Lindleyi
966 2809 1093 2860 aliorum-

114 2903 165 2956 que
181 2882 331 2953 Syncnima
350 2880 519 2932 confranduut
533 2880 562 2930 R.
581 2882 811 2951 spinosissimam,
831 2877 1095 2952 pimpinellilcliam,

114 2956 249 3016 altaicam,
267 2948 413 3010 borealem,
429 2947 619 3022 oxyacantbam
633 2960 660 3003 et
676 2953 748 3004 sorte
770 2950 857 3003 adbuc
881 2953 953 3013 alias,
969 2971 1036 3020 quae
1052 2960 1093 3001 ta·
1155 2995 1160 2998 .

113 3046 175 3080 meu
189 3034 222 3078 ut
239 3023 347 3096 species
362 3019 395 3074 ab
409 3021 468 3090 aliis
484 3021 628 3076 distinctae
642 3031 719 3076 carate
734 3021 869 3080 observari
890 3031 1035 3079 merentur.
1058 3023 1092 3074 Τ.

472 3471 475 3480 ’
530 3487 713 3562 a.11.15.„
775 3469 780 3476 '
