2650 3886
104 285 228 361 Rosl
250 287 471 348 luliacum.
494 287 636 346 Purslr.

81 474 138 534 ll.
175 469 381 556 germinibus
410 466 585 554 (urceolis)
614 466 764 553 globosis
798 471 1070 558 pedunculisque

141 574 273 659 glabris,
295 575 434 638 ramulis
451 573 773 662 hispidoaspinosis
796 573 921 639 foliolis
941 590 1072 662 septem

70 705 101 743 η
142 677 263 762 glabris
282 677 436 742 ovalibus
453 669 830 753 'acuminato-serratis,
860 678 996 762 petiolis
1021 662 1074 743 iri-

142 781 304 858 ermibus‚
328 776 466 843 floribus
494 779 667 856 solitariis,
689 778 821 843 laciniis
849 780 974 863 calycis
1000 782 1075 846 lan-

142 883 278 947 ceolatis
297 882 500 966 cuspidatis‚
522 881 643 976 petalis
663 881 817 948 ovalibus
840 881 1075 949 obtusissimis.

139 987 248 1050 Pursh.

104 1111 186 1173 Rosa
207 1110 389 1174 lutescenS.
411 1121 506 1176 Pursb.
529 1121 556 1180 ss.
582 1123 670 1181 Amor,
691 1131 761 1196 sept.
780 1122 823 1181 ed.
840 1137 868 1182 2.
882 1124 918 1179 ll.
933 1123 1031 1200 Suppl.
1046 1125 1085 1198 pl

136 1218 191 1282 735.
210 1213 305 1274 Lindi,
318 1214 383 1264 Ros.
402 1230 447 1264 no.
464 1229 506 1287 29.
521 1219 540 1263 t.
560 1232 586 1284 9.

196 1383 266 1437 Hab.
282 1385 310 1438 in
325 1383 458 1440 Carolina.
479 1373 528 1444 Χ.
548 1381 628 1436 lloret
644 1361 716 1454 Majo
734 1391 761 1436 et
780 1377 871 1442 Junio.
896 1384 990 1438 Flores
1016 1383 1079 1448 albi,

103 1473 129 1524 in
144 1473 240 1528 ssavum
255 1472 390 1525 ludentem
411 1470 506 1524 Pursb.
633 1469 636 1476 ¹
1007 1452 1010 1466 Ι

186 1561 316 1638 jVidetur
332 1557 418 1620 affinis
434 1561 464 1619 a,
480 1559 644 1623 ltedouteae,
663 1577 678 1611 a
693 1580 746 1633 qua
760 1569 848 1615 tamen
864 1563 976 1614 urceolo
992 1571 1020 1616 et
1030 1582 1082 1636 pe·

104 1641 164 1702 talis
181 1649 281 1704 differt.
307 1651 374 1704 Cell.
390 1647 505 1719 Liudley
521 1649 590 1700 hano
605 1669 666 1702 cum
674 1651 705 1702 Rs
717 1648 824 1721 bispida
840 1650 912 1704 Sims
926 1651 967 1720 (li.
981 1651 1084 1725 pallida

106 1739 213 1812 nobisl)
233 1719 284 1813 prb
302 1737 517 1810 unaeademque
540 1737 667 1791 declarat.
702 1737 758 1790 Sed
773 1738 886 1791 dubium
906 1749 999 1792 contra
1014 1739 1085 1792 bano

106 1832 280 1888 assertionem
298 1827 352 1898 jem
366 1825 431 1879 iude
447 1829 510 1878 oriri
525 1827 624 1890 debet,
643 1826 718 1902 quod
731 1826 840 1898 liguram
855 1829 883 1879 iu
906 1827 998 1882 Simsii
1021 1827 1082 1881 Bot.

103 1917 172 1988 Mag.
186 1936 233 1972 no.
252 1920 321 1986 1570
337 1919 479 1988 (respectu
495 1916 526 1968 R«
545 1916 732 1986 lutescentisl)
751 1915 848 1984 npalam
867 1913 1002 1973 declarat:
1021 1935 1084 1969 nam

105 2007 197 2079 utique
211 2008 277 2058 icon
292 2007 323 2057 Il.
334 2005 450 2078 pallidae
466 2024 520 2057 uon
535 2014 627 2077 potest
644 2004 761 2077 aequalis
777 2022 835 2058 esse
856 2004 957 2058 alienae
971 2006 1085 2079 speciei,

39 2131 40 2140 i
103 2094 132 2152 Il,
147 2095 255 2148 scilicet
268 2094 423 2151 lutesconti,
443 2097 528 2146 Porro
544 2095 575 2145 R.
591 2093 850 2166 latescens'speoies
868 2094 1017 2145 amerioana
1033 2102 1084 2156 est,

103 2182 132 2233 R.
148 2182 252 2255 pallido
264 2201 327 2234 vero
351 2183 469 2236 sibirics.
490 2184 615 2236 Ceterum
630 2182 723 2238 foliola
744 2180 775 2233 li.
799 2181 958 2234 lutescentis
981 2179 1085 2253 ellipti-

102 2271 287 2341 co·oblonga,
308 2270 496 2342 subaequalis,
515 2270 620 2334 obtusa,
640 2279 667 2323 et
684 2278 832 2335 serraturae
846 2271 968 2341 majores,
986 2269 1083 2321 subdi·

102 2369 217 2423 stantes,
236 2359 334 2434 petioli
347 2361 470 2422 inermes,
490 2359 605 2431 stipula'e
619 2348 793 2422 couvolutae,
812 2359 907 2412 ramuli
925 2359 1083 2412 tenuissime
1123 2393 1126 2396 -
1153 2377 1159 2384 ·

103 2447 220 2522 hispidi,
240 2457 268 2500 et
284 2449 371 2520 petala
387 2450 571 2518 integerrima,
591 2449 706 2504 obovata
719 2456 790 2502 sunt.
822 2449 937 2500 Fructus
956 2465 1084 2518 maguus,

101 2541 194 2610 uiget,
217 2536 363 2610 globosus,
383 2539 411 2590 in
429 2537 611 2611 pedunculum
626 2544 795 2600 attenuatus,
815 2535 906 2607 calyce
927 2536 1084 2607 persistenti

102 2637 261 2683 coronatus
280 2629 313 2681 Iu
327 2625 420 2682 multis
436 2627 562 2688 convenit
576 2645 637 2681 cum
651 2627 682 2679 Rs
699 2625 887 2700 spinosissima
899 2625 967 2684 miti.
987 2625 1020 2682 Τ.
1117 2681 1120 2688 ,

79 3427 81 3434 1
144 3398 220 3454 122·
491 3491 492 3494 Ἴ
524 3393 557 3456 S.
579 3386 621 3454 II.
646 3384 693 3458 16·
