2610 3886
75 219 215 286 RosA
237 201 444 284 daoitrico.
467 220 563 282 Poll.

82 416 123 478 R.
156 409 370 509 germinibus
408 410 585 495 (urceolis)
614 409 889 498 pedunculisque
922 412 1071 498 glabris,

127 513 256 578 aculeis
282 513 520 598 stipularihus,
542 514 678 599 petiolis
690 516 918 594 'subvillosis,
942 517 1068 581 foliolis
1108 527 1114 543 ¹
1139 573 1144 584 .

123 619 356 682 semiserratis.
379 616 496 682 Pallas-

74 749 169 809 Rosa
192 743 361 808 davurica.
393 757 460 812 Pall.
485 757 512 814 ss.
537 757 616 815 Ross,
642 757 678 810 ΙΙ.
706 779 734 832 p.
761 760 804 814 61.
823 758 915 813 Lindl.
935 761 998 813 llos.
1019 778 1063 816 no.

108 865 164 904 2o.=

180 1021 279 1072 Frater
296 1037 375 1090 saepe
389 1017 526 1088 5·pedalis
549 1027 675 1082 erectus,
693 1007 908 1084 ramosissimus,
927 1022 1007 1075 ramis
1023 1031 1064 1074 te-

76 1108 197 1172 nuibus,
216 1106 328 1178 rigidis,
354 1105 491 1170 laevibus,
505 1109 617 1166 ,cortice
636 1107 714 1160 fusco
728 1138 764 1148 -
778 1117 898 1161 testaceo
920 1110 1066 1172 obductis,

77 1199 168 1268 spinis
183 1196 217 1250 ad
233 1195 395 1248 ramulorum
413 1197 572 1268 origineset
584 1197 612 1249 in
628 1197 722 1248 annuis
738 1195 847 1248 ramulis
862 1197 896 1250 ad
918 1206 1006 1250 ortum
1022 1201 1065 1250 lo-

74 1287 179 1340 liorum
201 1281 331 1355 gerninis,
356 1285 568 1356 patentissimis,
602 1283 788 1349 subrecurvis,
815 1287 917 1359 griseis.
944 1287 1066 1340 Frondes

77 1376 217 1436 alternae,
232 1359 342 1448 stipulis
357 1375 476 1446 angustis
493 1373 647 1438 sanctatis,
667 1373 778 1445 petiolis
795 1359 1067 1445 pubescenlihurr'n-

76 1463 209 1518 crinibus.
248 1461 355 1515 Foliola
386 1472 514 1536 septena,
534 1461 722 1534 subaequalis,
752 1461 849 1516 subtus
872 1465 1067 1538 pubescentia,
1126 1459 1131 1467 ’

76 1551 244 1613 lanceolata,
260 1551 321 1604 basi
334 1553 514 1624 integerrima,
530 1572 544 1602 a
559 1551 757 1617 mediogersua
770 1554 874 1625 apicem
888 1556 988 1607 sensim
1000 1573 1065 1626 pro-

77 1641 195 1695 fundius
209 1649 326 1702 serrato,
354 1640 486 1712 quaedam
504 1643 563 1698 lere
574 1639 686 1714 Spireae
704 1638 945 1711 chamaedryloliae
960 1642 1067 1708 similia,

78 1730 364 1791 subactuso·crcnata,
379 1730 508 1802 ploraque
524 1739 611 1800 scuta.
628 1729 778 1783 Pedunculi
793 1729 878 1800 glabri
893 1750 924 1782 ex
940 1730 1066 1784 omnibus

74 1818 207 1881 ramulis,
225 1817 291 1886 folio
316 1826 343 1870 et
367 1820 494 1890 opposita
516 1803 616 1892 stipula
640 1818 819 1884 invo=lucrati3
841 1818 940 1889 crlycis
953 1818 1066 1872 laciniae

74 1909 200 1978 margine
221 1914 410 1968 tomentosao,
436 1907 512 1978 apice
535 1906 630 1960 lineari
648 1907 762 1960 loliaceo
788 1907 942 1978 elongatae,
966 1901 1082 1979 petalis‘

74 1999 132 2050 fere
148 1995 296 2066 longiores.
323 1994 415 2047 Petala
437 1998 555 2048 ariarate
577 2013 669 2060 rosea,
688 1996 807 2066 integra,
825 2014 928 2067 magna.
949 1998 1066 2050 Fructus

70 2086 167 2148 rubri,
186 2082 266 2138 orati.
286 2081 383 2136 Pallas.

180 2172 212 2226 ln
224 2173 358 2226 Daruriae
373 2181 401 2223 et
414 2172 572 2244 Mongoliae
586 2172 766 2245 transalpinae
790 2174 889 2246 apricis
911 2183 945 2226 et·
957 2172 1065 2226 betule

75 2264 122 2324 tis,
143 2279 207 2314 cum
230 2260 326 2332 Spirea
348 2258 589 2333 chamaedrylolia,
607 2262 709 2334 ubique
727 2264 915 2339 copiosissima
935 2270 962 2316 et
984 2261 1065 2315 simul

76 2348 181 2404 lloreris
198 2349 290 2412 Junio,
307 2349 366 2401 all.
384 2338 472 2422 alpino
489 2351 703 2430 distinctissirna
721 2350 788 2410 Pall

178 2437 245 2490 Sine
261 2436 344 2506 dubio
360 2440 390 2488 R.
409 2438 607 2492 cinnamomeae
620 2441 741 2510 proxima
755 2449 783 2492 et
797 2459 874 2512 qnasr
867 2438 976 2493 'media
992 2441 1064 2493 inter

77 2529 233 2580 fastuosam
247 2534 274 2578 et
290 2544 509 2582 crunamomeam
527 2527 596 2581 Cell.
612 2526 729 2599 Lindie)
748 2529 824 2590 dicit,
844 2530 991 2600 specimina
1010 2528 1062 2580 sub
1157 2558 1160 2576 r
1258 2545 1267 2563 ⁴

76 2617 130 2668 hoc
146 2597 257 2668 noinine
273 2615 301 2666 in
316 2612 439 2667 herirario
460 2599 612 2671 Pallasiario
628 2617 768 2684 existentia
789 2619 881 2692 polius
905 2619 1075 2688 varietatem⁴

74 2707 104 2757 R.
122 2722 250 2760 reversae
264 2713 472 2777 repraesentare
491 2705 524 2758 Τ.
