2670 3884
119 343 269 408 ROSA
290 340 510 402 Jundzillr'.
534 343 687 404 Besaer.

122 533 164 594 R.
192 527 405 613 germinibus
423 525 599 612 (urceolis)
626 529 750 604 oratis,
773 527 864 604 basi,
886 526 1107 612 pedunculis-

171 653 242 715 que
261 630 414 714 hispidis,
437 629 563 694 aculeis
582 630 725 694 caulinis
739 631 834 707 raris,
856 631 929 696 basi
949 632 1106 714 dilatatis,

172 734 396 815 compressis,
419 732 698 810 recurviusculis,
726 734 861 818 petiolis
887 734 1107 820 glanduloso-

112 869 120 878 =
170 834 314 911 villosis,
338 836 509 913 aculeatis,
528 834 659 910 foliolis,
674 836 896 920 (majusculis)
917 840 1035 914 oratis,
1054 861 1107 902 ar-

171 951 253 1022 gute
272 938 684 1022 glanduloso-biserratis,
715 937 831 1002 subtus
859 938 1108 1022 glaucescenti-

174 1041 261 1132 bus,
276 1041 486 1105 subvillosis:
510 1043 605 1106 venis
622 1041 848 1127 glandulosis,
871 1044 1010 1108 floribus
1027 1043 1108 1108 suh-

174 1142 394 1224 corymbosis.
419 1142 581 1206 Bieberst.

127 1269 224 1329 Rosa
245 1265 415 1329 Jundzllll.
438 1279 533 1332 Besser
552 1279 637 1333 Catal.
655 1277 725 1332 bort.
746 1300 826 1335 crem.
846 1257 871 1334 a.
890 1284 966 1338 1816·
992 1301 1020 1354 p·
1050 1260 1124 1354 117·-

165 1369 206 1420 Μ.
228 1365 256 1418 B.
277 1367 346 1441 Flos.
366 1377 433 1420 taur.
454 1387 528 1420 canc.
551 1371 597 1420 lll.
618 1375 679 1439 547.

126 1480 221 1540 Rosa
243 1476 453 1560 glandulosa.
475 1491 547 1548 Bess.
578 1491 637 1548 Cat.
663 1489 689 1543 b.
716 1510 796 1544 crem.
820 1511 843 1550 a.
868 1494 943 1550 1811·
964 1493 1061 1568 Suppl.
1079 1501 1105 1550 5.
1188 1481 1190 1488 ‚

164 1597 195 1650 p.
215 1595 258 1635 20.

233 1757 334 1811 Habitu
351 1776 412 1809 com
427 1758 459 1809 li.
475 1757 574 1810 collina
590 1758 724 1813 convenit.
744 1756 885 1812 Villositas
897 1759 925 1810 in
939 1757 1039 1812 foliolis
1047 1779 1109 1831 par·

128 1869 171 1900 ce.
192 1848 291 1900 Petioli
305 1845 396 1898 villosi
411 1865 470 1898 cum
487 1847 610 1916 rubigine
626 1866 656 1898 er
671 1844 804 1916 glandulis
818 1841 963 1917 inspersis:
980 1847 1117 1905 aculeolis,

127 1937 208 1998 reris,
228 1934 291 1989 binc
307 1934 371 1987 iude
384 1935 474 1992 nullis,
493 1933 587 1986 Aculei
603 1933 701 1986 caulini
714 1941 745 1986 ut
759 1936 787 1985 in
803 1932 989 2004 praecedente.
1017 1936 1108 1989 Florus

128 2023 297 2094 corymbosi,
316 2021 466 2094 majusculi.
494 2023 604 2075 setulas
621 2021 835 2093 pedunculorum
855 2032 882 2075 et
897 2021 994 2077 baseos
1012 2025 1110 2094 germi-

127 2132 198 2165 num
214 2114 331 2165 minutae
348 2111 546 2181 glandulilerae.
571 2109 677 2180 Calycis
690 2109 802 2164 laciniae
817 2108 996 2182 glanduloso·
1008 2111 1111 2184 rubigi-

126 2219 224 2262 nosae,
243 2201 373 2272 pinnatim
389 2198 621 2274 appendiculatee.
648 2201 762 2252 Fructus
778 2202 864 2262 orati,
891 2201 1020 2252 coccinei.
1047 2199 1108 2254 Rie-

125 2289 217 2342 berrt.
233 2297 258 2340 et
273 2271 375 2340 Bess'er.
394 2289 413 2341 l.
429 2308 452 2340 c.

150 2363 153 2378 ⁸
231 2375 300 2429 Hsb.
315 2377 384 2428 inter
401 2376 491 2430 affines
505 2395 555 2447 per
572 2375 696 2429 Tauriani
712 2385 740 2430 et
754 2377 911 2430 Caucasum.
937 2365 1053 2436 81111.
1075 2377 1109 2435 1..

126 2463 160 2519 B.
178 2463 297 2520 Marscb.
312 2463 442 2518 Rieberst.
458 2464 475 2516 l.
492 2486 514 2517 c.
532 2469 605 2532 (cnm
624 2466 699 2537 signo
719 2466 950 2536 interrogationis)
972 2465 1110 2538 subjungit

127 2554 236 2624 Synon.
252 2555 282 2605 tt.
298 2552 467 2605 umbellatae.
487 2554 587 2606 Revera
601 2553 666 2607 baec
682 2552 792 2626 quidem
806 2554 941 2628 praesenti
963 2553 1109 2610 admodum

128 2641 222 2694 affinis
238 2650 289 2702 est,
304 2639 432 2694 identitas
448 2650 535 2694 temen
550 2642 677 2712 specifica
693 2642 812 2695 nondum
829 2643 886 2694 erui
899 2650 999 2711 potest.
1030 2643 1110 2706 Sane,

126 2733 154 2784 si
174 2729 238 2782 baec
252 2729 380 2782 identitas
392 2723 634 2792 >deurdnstraretnn
653 2739 717 2783 tunc
732 2732 824 2801 potius
839 2731 869 2781 R.
887 2730 1018 2784 Jundnilli
1039 2740 1111 2796 esset

128 2818 304 2889 Synonimon
318 2819 349 2874 R.
364 2817 532 2881 umbellatae,
552 2837 612 2872 cum
627 2818 693 2872 baec
707 2819 843 2891 posterior
862 2817 915 2888 jem
938 2821 1044 2892 species
1062 2839 1109 2875 ve·

125 2898 206 2962 fuste
225 2917 252 2958 et
267 2927 281 2958 a
296 2905 418 2975 pluribus
433 2907 588 2960 uictoribus
604 2907 724 2962 classicis
740 2915 849 2978 recepta
863 2909 907 2958 sit.
939 2965 942 2978 Ι
1023 2919 1025 2924 ·
1107 2938 1109 2946 ι

232 2997 333 3048 Frater
347 2994 461 3058 validos,
479 2995 587 3050 ramulis
602 2997 725 3066 llorileris
741 2995 1111 3068 supernesetoso·aculeatis.

126 3082 239 3137 Foliola
259 3083 356 3136 subtus
378 3084 438 3156 plus
458 3085 579 3137 minusve
600 3083 772 3158 glandulosa,
796 3085 940 3166 praecipue
966 3085 999 3138 ad
1021 3103 1110 3138 venas.

127 3171 209 3225 Bess.
232 3174 260 3231 in
282 3173 377 3224 Eoum.
400 3173 436 3244 pl,
457 3173 571 3244 Volbyn.
592 3183 619 3226 et
643 3172 739 3226 Pcdol.
762 3192 788 3244 p.
804 3174 846 3242 67.
862 3171 908 3224 ubi
922 3175 1001 3226 etiam
1017 3173 1108 3244 plures

127 3262 277 3330 varietates
293 3271 542 3324 commemorentur,
558 3262 712 3336 quasillum
728 3254 793 3334 (boc
809 3258 870 3314 loco
885 3261 914 3312 ll.
928 3259 1109 3324 Jundzilliuue

128 3349 251 3422 dictam)
269 3368 331 3402 cum
345 3349 376 3410 R,
392 3340 552 3425 provinciali
566 3351 736 3425 (pomponia)
751 3344 910 3404 connectere
924 3348 1057 3423 ridentur.
1076 3348 1110 3401 Τ.
1140 3425 1142 3430 Ι

174 3515 227 3579 77.
338 3475 339 3479 ¹
544 3496 576 3558 S.
598 3497 640 3558 11.
665 3516 716 3616 ao.¹
994 3569 1007 3610 ι
