2610 3886
65 353 190 416 Rosa
214 351 413 417 Wotidsii.
436 352 626 436 Lindley.

67 477 103 538 R.
126 471 334 560 germinibus
358 471 532 555 (urceolis)
558 459 664 538 oratis
681 471 952 558 pedunculisque
972 473 1046 560 gla-

105 576 192 684 bris,
225 575 362 662 petiolis
392 575 573 652 aculeatis,
605 573 743 639 ramulis
775 575 1045 655 subinermibus;

108 679 238 765 stipulis
260 679 461 764 laciniisque
493 677 654 760 calycinis
683 680 963 758 conniventibus,
993 681 1047 744 so-

107 780 390 866 liolisvoblongis,
414 779 560 860 obtusis,
583 780 718 866 glabris.
742 785 884 868 Spreng.

69 913 154 974 Rosa
174 908 340 974 Woodsil.
364 919 456 973 Lindl.
473 921 538 974 Ros.
555 939 600 974 ao.
617 929 658 984 tt.
676 921 709 974 C.
727 919 1047 1008 Spreng.inNeu.Ent‹l.

99 1015 147 1066 111.
168 1021 229 1075 aar.
283 1073 289 1086 ,
702 1027 706 1036 »

166 1121 398 1190 Protenparvus,
418 1124 532 1176 erectus,
551 1125 651 1177 torvus,
669 1116 731 1170 basi
744 1115 967 1176 aculeatissimus,
986 1136 1050 1169 acu-

72 1207 118 1261 leis
135 1211 234 1272 rectis,
255 1205 394 1268 tenuibus,
408 1205 570 1257 intermixtis
584 1209 658 1264 setis,
677 1223 770 1258 versus
793 1207 975 1259 extremitates
998 1208 1049 1259 sti-

70 1296 227 1369 pularibus3
245 1293 341 1347 ramuli
356 1295 463 1365 saepius
479 1295 603 1348 inermes.
627 1292 700 1345 Folia
719 1293 826 1365 glabra3
849 1295 965 1366 stipulae
986 1315 1049 1368 per·

72 1396 206 1457 angustae,
226 1385 402 1443 acuminatas,
421 1381 554 1451 glandulis
570 1381 727 1450 fimbriatae,
750 1382 928 1451 convolutae3
954 1383 1056 1455 petioli

73 1473 162 1528 armati
179 1472 281 1526 aculeis
295 1468 483 1544 inaequalibus
499 1473 600 1540 rectis;
623 1469 715 1523 foliola
737 1493 826 1544 7-9,
840 1470 894 1524 illis
908 1474 940 1532 R,
961 1472 1053 1526 rubel-

73 1562 111 1614 lae
125 1563 232 1625 similia,
253 1561 352 1624 nitida,
366 1560 457 1633 plano,
478 1559 639 1632 simpliciter
653 1568 764 1622 serrata,
782 1560 878 1612 subtus
898 1544 1052 1633 pallidiora.

75 1651 165 1704 Floras
182 1649 417 1724 fusco-purpurei,
436 1648 565 1704 vernales.
591 1625 708 1700 Friutus
724 1649 812 1712 orati,
829 1648 912 1717 nudi,
932 1654 1056 1704 coronati

73 1741 169 1812 sepalis
186 1739 325 1802 brevibus,
344 1733 560 1807 connivenlibus,
568 1737 691 1810 integris,
709 1736 890 1810 eglandulosis
905 1739 1006 1811 pariter
1022 1757 1054 1791 ac

67 1829 229 1901 pedunculi.
300 1817 302 1825 Α

149 1916 237 1984 ἸΗειΙ),
254 1915 329 1987 juxta
345 1915 445 1969 {lumen
453 1914 584 1968 illissouri
598 1915 737 1968 Americae
754 1915 982 1987 septentrionalis.
1000 1918 1056 1969 Ha·
1108 1951 1112 1960 ·

74 2005 141 2071 bitu,
156 2015 266 2081 praeter
282 2005 356 2068 folia,
370 2006 402 2058 lt.
417 2003 507 2074 majali
522 2003 666 2056 simillima.
690 2003 850 2058 Charactere
865 1993 1057 2078 maximumo-

75 2100 175 2169 piuqua
189 2097 233 2152 li?
246 2093 411 2166 virginianae
430 2094 471 2162 (R.
487 2092 620 2146 carolinae
636 2091 743 2161 Lindl.)
762 2095 906 2166 praecipue
928 2095 957 2148 in
978 2104 1058 2148 nota·

75 2185 123 2238 bili
138 2183 303 2258 stipularum
322 2179 520 2235 convolutione.
537 2180 579 2233 Ab
593 2180 643 2234 hac
659 2201 721 2236 vero
737 2181 926 2234 ramifioatione
936 2182 1058 2246 adaucta,

74 2273 174 2328 aculeis
190 2271 320 2344 mollibus
338 2279 365 2323 et
385 2269 487 2348 foliolis
506 2272 599 2342 parvis
621 2270 717 2323 nitidis
735 2271 897 2324 sufficienter
919 2270 1057 2324 distincta.

72 2363 182 2416 Interim
198 2361 279 2414 floret
294 2378 364 2422 vere,
382 2360 487 2411 fructus
502 2359 578 2420 nodi,
595 2354 689 2430 glabri,
710 2368 736 2410 et
750 2358 863 2412 laciniae
879 2358 977 2430 calycis
995 2380 1058 2432 per·

73 2452 219 2511 sistentes,
238 2449 414 2501 conniventes
437 2456 508 2500 sunt.
538 2446 647 2500 Colitur
668 2451 697 2514 iu
719 2447 797 2500 horto
817 2448 912 2500 Sabini
925 2451 954 2500 in
969 2448 1059 2501 North

73 2540 191 2601 Mimms,
211 2538 294 2589 missa
312 2534 346 2587 de
372 2534 459 2589 Gallia
482 2535 516 2586 ab
532 2535 675 2588 hortulano
694 2539 857 2589 mercenario
875 2536 927 2590 sub
949 2540 1057 2590 nomine

76 2648 158 2684 novae
176 2629 264 2682 Rosae
279 2625 451 2678 Americanae
469 2624 582 2677 {loribus
605 2627 689 2696 uigris
713 2635 741 2678 et
759 2626 861 2689 luteis,
883 2634 911 2678 et
929 2625 981 2678 sub
1003 2626 1058 2680 boc

74 2718 181 2768 nomine
199 2713 319 2766 iudicata
336 2715 364 2764 iu
380 2712 547 2764 Promrille's
565 2702 706 2767 Nonisucl.
723 2723 765 2786 24.
828 2743 831 2747 ·

172 2804 280 2856 Nomen
299 2802 328 2852 iu
352 2800 482 2857 honorent
502 2802 559 2854 Jos.
586 2801 696 2857 Woods
720 2823 734 2853 a
760 2801 893 2874 Lindltyo
915 2803 1058 2858 fundatum

76 2885 194 2965 praetuli
208 2923 244 2934 ·-
261 2899 289 2943 et
304 2889 414 2942 alterius
430 2890 532 2960 speciei
547 2909 562 2941 a
576 2909 619 2942 me
632 2891 684 2962 jam
699 2892 773 2964 prius
786 2891 815 2944 in
828 2890 879 2943 boc
898 2911 979 2962 opere
992 2911 1058 2965 pro·

76 2983 197 3055 positum
220 2988 286 3054 post
309 2978 451 3031 obtentum
472 2977 600 3049 Lindleyi
620 2979 723 3051 librum
743 2982 841 3034 iterum
862 2979 963 3044 deleri,
997 2999 1059 3034 cum

78 3069 208 3142 praesbus
222 3069 328 3140 species
344 3066 450 3140 dignior
463 3066 606 3124 rideretur.
631 3069 664 3120 Τ.

491 3443 523 3506 S.
546 3445 595 3528 ΙΙ.Ι
610 3457 660 3506 21.

705 3505 717 3536 Q
