2678 3886
931 413 937 424 “
1034 404 1125 472 XXV

129 578 271 652 pagates
293 561 471 638 ridemus,
501 543 701 627 versatim
728 561 967 648 propagandas
991 564 1124 628 verosi·
1212 587 1215 592 ·

130 704 319 769 utillimum
340 699 621 779 credimumint
635 700 705 788 jam
718 721 845 766 ,recens
867 714 987 778 notae,
1011 704 1082 767 sive
1101 723 1122 766 a

131 844 240 930 longo
271 842 343 928 jam
377 853 533 928 tempore
562 843 729 927 cognitae.
778 842 835 906 Sic
860 841 961 906 'enim
998 861 1118 906 omnes

132 1004 207 1046 non
223 980 330 1046 modo
349 979 520 1056 Botanici‚
544 978 606 1044 sed
623 1000 743 1045 ornnes
762 991 906 1065 qnoque¹
924 979 1066 1066 Zoologi
1086 992 1122 1044 et

132 1119 342 1203 Mineralogi
360 1120 572 1184 recentiores
595 1139 671 1184 suas
689 1119 829 1204 Species
846 1117 1046 1186 discernere
1065 1139 1122 1184 so·

130 1260 215 1324 lent.
244 1260 280 1322 si
298 1259 430 1343 species
449 1243 648 1343 originarias
664 1270 796 1324 tantum
815 1255 1025 1342 distinguere
1046 1257 1121 1324 vel-

132 1399 268 1476 lemne,
291 1398 393 1462 unica
418 1397 528 1462 solnm
556 1397 719 1482 existeret
743 1394 859 1474 Rosa‚'
874 1397 974 1464 Pinus
999 1397 1122 1475 unice,

132 1539 412 1614 Quercus-unica
432 1551 465 1602 et
483 1558 508 1602 s.
523 1558 557 1622 p.
621 1525 666 1550 '⁴
765 1593 767 1600 .
817 1507 837 1554 Ἰ

137 1739 139 1744 .
219 1676 348 1752 Plures,
370 1695 441 1738 non
460 1674 580 1740 dubito
598 1688 735 1760 praeter
754 1677 839 1740 haec
858 1675 1038 1760 principia,
1062 1673 1124 1738 de-

131 1815 201 1878 leri
220 1814 262 1878 de
277 1801 598 1880 nostris‘debebunt
615 1817 783 1878 Rosarum
800 1815 950 1900 species:
973 1811 1035 1878 sed
1052 1813 1123 1899 pri-

128 1953 283 2044 marium
298 1963 361 2029 est,
387 1953 512 2031 omnia,
532 1975 621 2038 qnae
641 1954 774 2024 Curiosi
790 1950 1122 2038 usquedum'obser-·

126 2097 276 2167 varnnt‚'
299 2089 482 2176 diligenter
501 2090 664 2176 colligere
691 2105 725 2156 et
741 2077 887 2191 fideliter
903 2111 1122 2180 componere.

129 2238 172 2297 In
198 2230 324 2294 ceteris
343 2228 535 2314 plantarum
553 2231 736 2316 generibus
757 2230 850 2296 idern
870 2195 1120 2294 intendendum

132 2383 197 2435 est.
230 2373 366 2432 Interea
392 2368 478 2432 forte
494 2367 634 2434 nullutn
656 2389 764 2454 genus
794 2392 840 2434 ex
863 2367 1008 2455 cognitis
1032 2367 1120 2432 adeo

130 2504 337 2575 anomalum
356 2517 406 2569 est
425 2527 527 2591 quam
543 2509 611 2572 hoc
630 2510 750 2574 Rosae.
764 2487 768 2496 ¹
783 2506 892 2573 Multo
910 2507 1042 2573 facilius
1061 2529 1124 2602 ne-

130 2645 274 2734 gotium
300 2612 438 2720 fuisset,
462 2647 593 2732 species
616 2645 887 2710 distinctissimas
908 2647 996 2711 solas
1015 2655 1124 2733 expo·-

129 2806 243 2860 nere‚
266 2780 415 2867 reliquas
436 2804 502 2847 ceu
519 2785 700 2850 varietates
720 2783 787 2848 illis
807 2783 1036 2869 subjungere,
1060 2784 1124 2848 du-

126 2926 213 2990 bias
226 2941 310 2987 vero
332 2931 365 2985 et
383 2941 454 2986 non
471 2922 536 2985 nisi
554 2921 746 3007 indigitntas
764 2923 899 2988 silentio
914 2923 1122 3008 praeterire:

9 3099 11 3110 ν
64 3044 69 3051 ⁴
128 3059 203 3130 sed
220 3062 287 3122 hac
304 3060 435 3125 ratione
457 3059 617 3124 Botanioe
634 3080 703 3125 non
720 3060 963 3136 illustraretur,
986 3059 1048 3124 sed
1059 3079 1131 3146 po·¹

127 3204 206 3268 tius
222 3199 260 3260 in
275 3195 434 3270 tenebras
449 3197 681 3264 reduceretur.
705 3199 837 3277 Omnis,
854 3221 941 3284 quae
958 3196 1125 3264 limitibus

127 3337 209 3406 mei
228 3334 355 3402 valoris
376 3338 496 3424 attingi
511 3351 689 3426 poterant,
711 3329 784 3405 'imo
803 3339 892 3424 ipsas
908 3335 1125 3402 brevissimas

126 3469 419 3562 indignationes,
443 3465 608 3544 'conferre
637 3474 730 3543 volui
757 3491 790 3543 et
817 3477 863 3542 ita
895 3495 1123 3562 componere,
1183 3533 1194 3569 Ι.
